Quarter end,Shares,Shares split adjusted,Split factor,Assets,Current Assets,Liabilities,Current Liabilities,Shareholders equity,Non-controlling interest,Preferred equity,Goodwill & intangibles,Long-term debt,Revenue,Earnings,Earnings available for common stockholders,EPS basic,EPS diluted,Dividend per share,Cash from operating activities,Cash from investing activities,Cash from financing activities,Cash change during period,Cash at end of period,Capital expenditures,Price,Price high,Price low,ROE,ROA,Book value of equity per share,P/B ratio,P/E ratio,Cumulative dividends per share,Dividend payout ratio,Long-term debt to equity ratio,Equity to assets ratio,Net margin,Asset turnover,Free cash flow per share,Current ratio,ticker,quarter_end
,3588919000,3588919000,1,118318000000,56938000000,87263000000,20315000000,30572000000,483000000,0,49881000000,51561000000,9562000000,2333000000,2333000000,0.63,0.61,0.19,546000000,1920000000,-10023000000,-7631000000,10824000000,421000000,49.23,52.11,46.34,0.0982,0.0305,8.52,4.9,54.1,4.37,0.7371,1.6865,0.2584,0.1001,0.3,0.03,2.8028,ORCL,2018-11-30
,261043625,261043625,1,53289000000,13438000000,33995000000,9496000000,19294000000,0,0,6908000000,16399000000,17824000000,935000000,933000000,3.56,3.51,0.65,1478000000,-1480000000,-230000000,-246000000,2123000000,1455000000,233.57,259.25,207.9,0.2586,0.095,73.91,3.21,13.2,12.17,0.1301,0.85,0.3621,0.0722,1.31,0.09,1.4151,FDX,2018-11-30
,359091176,359091176,1,7002400000,5290000000,4577900000,4306800000,2424500000,0,0,938600000,0,858900000,235800000,235800000,0.66,0.65,0.56,223500000,120300000,-273300000,70500000,510600000,36600000,69.45,76.02,62.89,0.4361,0.1366,6.75,10.44,26.51,21.27,0.8085,0,0.3462,0.2799,0.49,0.52,1.2283,PAYX,2018-11-30
,665541059,665541059,1,26706412000,13540408000,13650844000,10176335000,12678856000,376712000,0,6219615000,19896000,10605546000,1274720000,1274720000,2,1.96,1.46,1027508000,-272868000,-1462168000,-697570000,4363790000,72892000,163.13,175.64,150.63,0.3961,0.1727,19.05,10.44,25.73,17.64,0.4436,0.0016,0.4747,0.0999,1.73,1.43,1.3306,ACN,2018-11-30
,943444736,943444736,1,69941000000,20083000000,43678000000,25099000000,25609000000,654000000,0,28393000000,11646000000,33793000000,1123000000,1123000000,1.18,1.18,0.44,459000000,-635000000,390000000,208000000,1183000000,470000000,76.37,85.31,67.42,0.1996,0.0763,27.14,2.79,15.09,5.74,0.3054,0.4548,0.3662,0.0396,1.93,-0.01,0.8002,WBA,2018-11-30
,1121046809,1121046809,1,44595000000,15039000000,9757000000,5189000000,33869000000,969000000,0,1584000000,3734000000,7913000000,3293000000,3293000000,2.91,2.81,0,4810000000,-4427000000,-2435000000,-2062000000,4525000000,2700000000,43.52,53.23,33.82,0.4896,0.3449,30.21,1.53,3.78,0.16,0,0.1102,0.7595,0.4682,0.74,1.88,2.8982,MU,2018-11-29
,596748917,596748917,1,30384000000,4233800000,22857000000,7298100000,6651800000,875200000,0,21221000000,12208600000,4411200000,343400000,343400000,0.57,0.57,0.49,789100000,-155800000,-524300000,99800000,532700000,129900000,44.92,48.11,41.74,0.3388,0.0714,11.15,4.3,12.44,25.7,0.5684,1.8354,0.2189,0.1248,0.57,1.1,0.5801,GIS,2018-11-25
,440490478,440490478,1,43814000000,22954000000,30335000000,22473000000,13167000000,312000000,0,0,6480000000,35069000000,767000000,767000000,1.75,1.73,0.57,2177000000,-737000000,-700000000,723000000,6778000000,730000000,231.08,245.16,217,0.2616,0.08,29.89,7.91,32.59,35.2,0.2975,0.4921,0.3005,0.0225,3.56,3.28,1.0214,COST,2018-11-25
,25205125,25205125,1,9523581000,4814329000,11182197000,5168172000,-1658616000,0,0,311472000,5156037000,2641733000,351406000,351406000,13.71,13.47,0,449182000,-91899000,-315608000,34262000,252086000,98168000,768.84,832.67,705.01,,0.1499,-65.8,,15.7,0,0,,,0.1249,1.2,13.93,0.9315,AZO,2018-11-17
,797743035,797743035,1,38141000000,10753000000,30531000000,14796000000,7652000000,-42000000,0,4288000000,11647000000,27672000000,317000000,313000000,0.39,0.39,0.14,473000000,-758000000,353000000,68000000,429000000,761000000,29.69,32.74,26.63,0.508,0.0996,9.59,3.21,6.78,3.78,0.1185,1.5221,0.2006,0.0296,3.33,-0.36,0.7268,KR,2018-11-10
,75735222,75735222,1,11830900000,3307800000,6149200000,1898600000,5681200000,500000,0,7230200000,2878300000,2524500000,243100000,243100000,3.18,3.15,0.0375,-6000000,-104900000,78900000,-32600000,398500000,104900000,137.07,157.63,116.52,0.1246,0.0591,75.01,1.89,15.51,3.8,0.0209,0.5066,0.4802,0.072,0.82,-1.46,1.7422,PVH,2018-11-04
,40048581,40048581,1,2133016000,1277247000,1540284000,745574000,592732000,0,0,0,488000000,1149402000,-6556000,-6556000,-0.16,-0.16,0.3,-70140000,-109607000,183228000,3481000,61938000,76174000,44.84,50.35,39.33,0.2404,0.0837,14.8,2.96,11.5,4.01,0.3037,0.8233,0.2779,0.0291,2.88,-3.65,1.7131,BIG,2018-11-03
,65845073,65845073,1,2283069000,1290298000,1148779000,590168000,1124470000,9820000,0,0,250142000,861194000,23919000,23919000,0.36,0.35,0.2,26719000,-44653000,-40240000,-60805000,542383000,44653000,23.2,29.69,16.71,0.0443,0.0228,17.08,1.36,45.49,10.63,1.0361,0.2225,0.4925,0.0143,1.6,-0.27,2.1863,ANF,2018-11-03
,109236080,109236080,1,6677000000,3795000000,11988000000,3448000000,-5311000000,0,0,1130000000,1779000000,2742000000,-950000000,-950000000,-8.72,-8.72,0,-87000000,67000000,386000000,366000000,807000000,13000000,1.06,2.01,0.12,,-0.2415,-48.62,,,0,,,,,1.87,-0.92,1.1006,SHLD,2018-11-03
,165129371,165129371,1,14118000000,6337000000,8665000000,4007000000,5453000000,0,0,0,1528000000,4628000000,161000000,161000000,0.98,0.98,0.61,376000000,-146000000,-249000000,-19000000,1047000000,146000000,76.27,82.42,70.12,0.1834,0.0748,33.02,2.32,13.33,13.07,0.4914,0.2802,0.3862,0.0494,1.51,1.39,1.5815,KSS,2018-11-03
,237969961,237969961,1,16649300000,4749500000,8706200000,2135700000,7943100000,0,0,5028200000,5043800000,5538800000,281800000,281800000,1.18,1.18,0,282100000,-224700000,3100000,61000000,708300000,228400000,87.44,96.09,78.78,0.2332,0.1082,33.38,2.72,12.16,0,0,0.635,0.4771,0.0764,1.42,0.23,2.2239,DLTR,2018-11-03
,112890202,112890202,1,3680000000,2378000000,1229000000,695000000,2451000000,0,0,196000000,124000000,1860000000,130000000,130000000,1.14,1.14,0.345,-5000000,-44000000,-147000000,-203000000,836000000,38000000,48.98,53.5,44.47,0.1337,0.0866,21.71,2.27,19.36,10.98,0.4657,0.0506,0.666,0.0424,2.04,-0.38,3.4216,FL,2018-11-03
,18285688,18285688,1,510015000,401426000,181534000,156347000,328481000,0,0,0,1800000,216888000,1499000,1499000,0.08,0.08,0,-10054000,-5871000,17511000,1586000,121177000,5956000,22.55,29.6,15.5,0.0953,0.0648,17.96,1.25,11.62,0,0,0.0055,0.6441,0.0325,1.99,-0.88,2.5675,HIBB,2018-11-03
,1233145248,1233145248,1,15025242000,9317013000,9768369000,6013825000,5256873000,0,0,97348000,0,9825759000,762253000,762253000,0.62,0.61,0.195,917092000,-298159000,-769900000,-160950000,2711767000,299063000,105.42,113.28,97.56,0.5926,0.2165,4.26,25.04,45.05,4.05,0.2975,0,0.3499,0.0798,2.71,0.5,1.5493,TJX,2018-11-03
,370588820,370588820,1,6235767000,3623307000,3048604000,2252294000,3187163000,0,0,0,312328000,3549608000,338108000,338108000,0.92,0.91,0.225,435888000,-114497000,-359333000,-37942000,1411589000,114731000,95.02,101.2,88.83,0.5088,0.2667,8.6,11.14,23.4,4.31,0.1959,0.098,0.5111,0.1068,2.5,0.87,1.6087,ROST,2018-11-03
,59312145,59312145,1,3332691000,2025973000,1496955000,984083000,1835736000,0,0,16069000,0,1560011000,131166000,131166000,2.2,2.18,0,154211000,20670000,-115044000,59837000,296944000,114724000,260.43,290.3,230.56,0.362,0.2114,30.95,8.59,25.41,1,0,0,0.5508,0.0999,2.12,0.67,2.0587,ULTA,2018-11-03
,269101569,269101569,1,15000000000,10901000000,11988000000,9933000000,3012000000,0,0,939000000,1280000000,9590000000,277000000,277000000,1.01,0.99,0.45,-1000000,-626000000,-2000000,-629000000,1439000000,244000000,75.22,84.37,66.08,0.3305,0.0839,11.19,6.48,20.95,11.72,0.4268,0.425,0.2008,0.0252,3.33,-0.91,1.0975,BBY,2018-11-03
,275124993,275124993,1,7829000000,2933000000,9141000000,2142000000,-1314000000,2000000,0,1759000000,5814000000,2775000000,-43000000,-43000000,-0.16,-0.16,0.6,-199000000,-208000000,-89000000,-495000000,348000000,216000000,29.93,33.97,25.89,,0.098,-4.78,,9.5,33.25,0.8643,,,0.0582,1.69,-1.51,1.3693,LTD,2018-11-03
,370159553,370159553,1,20449779000,2112126000,9461239000,1406138000,10988540000,0,0,17030796000,6265674000,1596586000,432965000,432965000,1.17,1.15,0.48,714441000,-89019000,-580746000,44016000,816591000,86004000,88.75,100.87,76.62,0.1394,0.0724,29.69,3.04,23.6,15.93,0.4698,0.5702,0.5373,0.2405,0.3,1.7,1.5021,ADI,2018-11-03
,307467240,307467240,1,20361000000,8667000000,14716000000,6444000000,5667000000,-22000000,0,4389000000,5469000000,5404000000,62000000,62000000,0.2,0.2,0.3775,-115000000,-237000000,20000000,-332000000,777000000,236000000,36.7,41.99,31.4,0.2931,0.0867,18.43,1.9,6.8,11.61,0.2742,0.9651,0.2783,0.0671,1.29,-1.14,1.345,M,2018-11-03
,521833603,521833603,1,43572000000,14639000000,32492000000,17590000000,11080000000,0,0,0,10104000000,17590000000,622000000,622000000,1.18,1.17,0.64,900000000,-981000000,-274000000,-355000000,825000000,993000000,84.88,90.39,79.37,0.2873,0.0802,21.23,4,14.89,20.9,0.4122,0.9119,0.2543,0.0433,1.86,-0.18,0.8322,TGT,2018-11-03
,167323864,167323864,1,8709000000,4297000000,7506000000,3842000000,1203000000,0,0,249000000,2678000000,3748000000,67000000,67000000,0.4,0.39,0.37,48000000,-158000000,-106000000,-216000000,1127000000,160000000,58.88,67.7,50.06,0.4246,0.0559,7.19,8.71,19.43,20.02,0.5328,2.2261,0.1381,0.029,1.93,-0.67,1.1184,JWN,2018-11-03
,315398817,315398817,1,8415000000,3615000000,7341000000,2294000000,1074000000,0,0,0,4367000000,2653000000,-151000000,-151000000,-0.48,-0.48,0,-176000000,-85000000,247000000,-14000000,168000000,89000000,1.98,2.65,1.31,-0.061,-0.0092,3.41,0.51,,6.94,,4.0661,0.1276,,1.45,-0.84,1.5759,JCP,2018-11-03
,49017975,49017975,1,559095000,397124000,146245000,102154000,412850000,0,0,0,0,215107000,20476000,20476000,0.42,0.42,0.25,17746000,3367000,-12144000,8969000,177918000,1700000,23.84,29.65,18.03,0.2402,0.177,8.42,2.89,12.1,32.67,1.3974,0,0.7384,0.107,1.66,0.33,3.8875,BKE,2018-11-03
,26544100,26544100,1,3986601000,2287984000,2361325000,1533054000,1625276000,0,0,0,367514000,1454965000,7425000,7425000,0.27,0.27,0.1,85089000,-25742000,-97738000,-38391000,78156000,28250000,80.84,94.03,67.64,0.1451,0.0646,61.23,1.33,9.03,9.63,0.0451,0.2261,0.4077,0.037,1.75,2.14,1.4924,DDS,2018-11-03
,51912259,51912259,1,4907500000,3010100000,2943700000,1365700000,1349000000,614800000,0,849200000,989000000,1191700000,-29900000,-38100000,-0.74,-0.74,0.37,-139100000,-36800000,173100000,-3400000,130700000,37300000,59.85,71.07,48.64,-0.1294,-0.0382,25.99,2.22,,6.27,,0.7331,0.2749,,0.95,-3.4,2.2041,SIG,2018-11-03
,176432192,176432192,1,1981482000,1123468000,686070000,607147000,1295412000,0,0,59062000,0,1003707000,85472000,85472000,0.48,0.48,0.1375,91192000,-82555000,-49251000,-43450000,279872000,42699000,25.3,29.88,20.73,0.2233,0.1516,7.34,3.56,17.69,7.86,0.3433,0,0.6538,0.0696,2.18,0.27,1.8504,AEO,2018-11-03
,101967550,101967550,1,4656700000,2797100000,3091600000,2541800000,1565100000,0,0,1218700000,471200000,2084400000,-488600000,-488600000,-4.78,-4.78,0.38,250700000,-28400000,-39700000,175800000,469500000,25800000,15.18,17.27,13.08,-0.2931,-0.1293,15.35,0.74,,8.81,,0.3011,0.3361,,2.01,2.21,1.1004,GME,2018-11-03
,381434098,381434098,1,8173000000,4714000000,4733000000,2393000000,3440000000,0,0,0,1249000000,4089000000,266000000,266000000,0.69,0.69,0.2425,21000000,-195000000,-188000000,-364000000,976000000,184000000,29.13,32.98,25.27,0.2841,0.1174,9.02,3.36,12.78,8.84,0.3962,0.3631,0.4209,0.0557,2.11,-0.43,1.9699,GPS,2018-11-03
,802957007,802957007,1,36713000000,15138000000,31319000000,15069000000,5394000000,0,0,1272000000,14460000000,17415000000,629000000,628000000,0.78,0.78,0.48,1011000000,-308000000,-1284000000,-583000000,1668000000,283000000,104.66,117.7,91.61,0.646,0.1002,6.72,14.64,21.99,10.18,0.393,2.6808,0.1469,0.0517,1.93,0.91,1.0046,LOW,2018-11-02
,262884331,262884331,1,13121021000,4630344000,6765133000,2982182000,6355888000,0,0,5538859000,2902439000,6417462000,334142000,334142000,1.26,1.26,0.29,416828000,-179462000,-241966000,-4600000,260688000,179462000,106.27,114.66,97.88,0.2898,0.1424,24.18,4.42,16.55,3.79,0.1654,0.4567,0.4844,0.0724,1.97,0.9,1.5527,DG,2018-11-02
,48938208,48938208,1,6112800000,1090900000,2805000000,536500000,3307600000,200000,0,3913400000,1985700000,651500000,100700000,100700000,2.04,1.98,0,236600000,-46500000,-263300000,-75400000,80200000,43400000,261.98,280.1,243.85,0.0435,0.0223,67.59,3.99,103.14,1.07,0.0105,0.6003,0.5411,0.0552,0.4,3.95,2.0334,COO,2018-10-31
,35956251,35956251,1,361726000,194562000,52217000,35126000,309427000,82000,0,11407000,0,104833000,13032000,13032000,0.36,0.36,0.13,13656000,-3311000,-6923000,3254000,68693000,3568000,43.7,49.8,37.6,0.1942,0.165,8.61,5.2,28.38,7.28,0.3255,0,0.8554,0.1383,1.19,0.28,5.539,RAVN,2018-10-31
,113758133,113758133,1,17174200000,1787200000,9144200000,1434500000,8030000000,0,0,13400200000,5885100000,2021500000,188500000,188500000,1.66,1.66,0.85,202900000,312600000,-534300000,-20800000,171200000,77800000,111.09,121.28,100.91,0.1692,0.082,70.59,1.59,9.39,39.77,0.2768,0.7329,0.4676,0.1759,0.47,1.1,1.2459,SJM,2018-10-31
,2905260059,2905260059,1,226583000000,69446000000,147114000000,85751000000,71996000000,7473000000,0,31044000000,49896000000,124894000000,1710000000,1710000000,0.58,0.58,0,6213000000,-16126000000,3441000000,-6658000000,9204000000,2629000000,95.11,102.6,87.62,0.0696,0.0245,24.78,3.91,54.35,22.72,1.1899,0.693,0.3177,0.0101,2.43,1.23,0.8099,WMT,2018-10-31
,765000000,765000000,1,26588000000,6870000000,11895000000,8022000000,14693000000,0,0,14929000000,3173000000,3392000000,105000000,105000000,0.14,0.13,0,143000000,-545000000,182000000,-214000000,2105000000,136000000,144.61,161.19,128.03,0.067,0.0338,19.21,8.09,143.18,0,0,0.216,0.5526,0.0651,0.52,0.01,0.8564,CRM,2018-10-31
,121897160,121897160,1,5100700000,3608500000,2078300000,615500000,3008000000,14400000,0,0,880000000,1012400000,94900000,94900000,0.78,0.77,0.55,66100000,-24900000,-154400000,-110200000,642600000,73000000,120.95,138.41,103.49,0.1415,0.0838,24.68,4.84,33.5,16.7,0.5828,0.2926,0.5897,0.0996,0.84,-0.06,5.8627,TIF,2018-10-31
,1398678425,1398678425,1,55493000000,17272000000,34254000000,17198000000,21239000000,0,0,18326000000,10136000000,7946000000,-757000000,-757000000,-0.51,-0.51,0.11,1326000000,-388000000,-1251000000,-313000000,4880000000,294000000,15.97,17.59,14.36,0.0825,0.0325,15.19,1,8.07,0.96,0.3788,0.4772,0.3827,0.0618,0.53,0.74,1.0043,HPE,2018-10-31
,205527815,205527815,1,2233296000,891002000,2264621000,435721000,-31325000,0,0,871715000,1491328000,148871000,-176276000,-171081000,-0.86,-0.86,0.25,-252128000,-76642000,-56360000,-387186000,723306000,54365000,26.11,27.54,24.68,,0.2157,-0.15,28.08,9.78,13.05,0.3492,,,0.1832,1.2,-1.49,2.0449,HRB,2018-10-31
,107642283,107642283,1,2197042000,1248799000,736433000,454973000,1460609000,0,0,0,0,973533000,77520000,77520000,0.71,0.7,0,51381000,-64522000,-61177000,-76706000,329021000,34337000,44.14,52.5,35.79,0.1534,0.1019,13.57,3.34,26.91,0,0,0,0.6648,0.0544,1.87,0.16,2.7448,URBN,2018-10-31
,98900635,98900635,1,7230000000,5136000000,11156000000,3807000000,-3931000000,5000000,2000000,68000000,4521000000,3317000000,188000000,188000000,1.89,1.86,0,449000000,-53000000,-104000000,298000000,1320000000,122000000,36.8,43.71,29.89,,0.0511,-39.77,,12.87,0,0,,,0.0332,1.54,3.31,1.3491,NAV,2018-10-31
,476959764,476959764,1,5149000000,2743000000,3652000000,895000000,1497000000,0,0,1398000000,2288000000,914000000,249000000,249000000,0.52,0.52,0.158,146000000,-32000000,-121000000,-18000000,193000000,32000000,50.34,54.98,45.71,0.5567,0.1484,3.14,17.73,31.86,11.71,0.9973,1.5284,0.2907,0.2001,0.74,0.24,3.0648,BF,2018-10-31
,1553494507,1553494507,1,34622000000,21387000000,35261000000,25131000000,-639000000,0,0,6421000000,4524000000,15366000000,1451000000,1451000000,0.92,0.91,0,968000000,87000000,-2084000000,-1029000000,5166000000,125000000,24.89,27.08,22.7,,0.1564,-0.41,,9.15,39.45,0.1694,,,0.0911,1.72,0.54,0.851,HPQ,2018-10-31
,127891404,127891404,1,2144000000,1170400000,1276700000,487600000,854400000,12900000,0,386700000,630600000,701400000,73800000,73800000,0.57,0.56,0.19,63300000,-124200000,61300000,-4800000,199900000,28200000,53.05,59.43,46.67,0.2289,0.0926,6.68,7.92,39.3,6.34,0.4929,0.7381,0.3985,0.0692,1.34,0.27,2.4003,DCI,2018-10-31
,318533054,318533054,1,8541000000,3848000000,3970000000,1171000000,4567000000,4000000,0,3464000000,1799000000,1294000000,195000000,195000000,0.6,0.59,0.15,372000000,-114000000,-131000000,116000000,2247000000,35000000,66.69,72.37,61.01,0.0692,0.0368,14.34,4.66,73.29,21.07,0.6044,0.3939,0.5347,0.0643,0.57,1.06,3.2861,A,2018-10-31
,259508568,259508568,1,4928000000,2232000000,2146000000,1586000000,2782000000,0,0,1665000000,375000000,1016000000,34000000,34000000,0.13,0.13,0.47,-143000000,20000000,-182000000,-309000000,1322000000,35000000,214.12,231.84,196.4,0.5831,0.2428,10.72,23.53,46.15,7.63,0.335,0.1348,0.5645,0.1895,1.28,-0.69,1.4073,INTU,2018-10-31
,219008836,219008836,1,3774400000,1590000000,4112700000,1985500000,-338300000,0,0,1809800000,1587800000,660900000,-23700000,-23700000,-0.11,-0.11,0,39200000,80000000,-134600000,-19700000,875700000,12700000,139.94,159.94,119.93,,-0.0816,-1.54,,,0.67,,,,,0.61,0.12,0.8008,ADSK,2018-10-31
,156481822,156481822,1,3756523000,2142602000,1827189000,963003000,1929334000,0,0,446193000,754695000,1543915000,63977000,63977000,0.45,0.39,0,68026000,-4079000,-42641000,19209000,745423000,17230000,28.75,32.33,25.18,-0.1913,-0.096,12.33,2.3,9.68,0,,0.3912,0.5136,,0.86,0.32,2.2249,CIEN,2018-10-31
,149515012,149515012,1,6145974000,1543797000,2660959000,2102415000,3479152000,5863000,0,3503653000,125535000,795082000,254328000,254328000,1.7,1.6,0,130961000,-37615000,-104207000,-18121000,723115000,684100000,94.2,103.4,85,0.1328,0.0741,23.27,4.43,247.89,0,0,0.0361,0.5661,0.1386,0.53,-3.7,0.7343,SNPS,2018-10-31
,318570788,318570788,1,70108000000,,58802800000,,11287800000,17400000,0,4663100000,27237400000,9415900000,784900000,784800000,2.46,2.39,0.69,2495000000,-1689400000,-779600000,-19300000,3904000000,584700000,145.45,159.3,131.6,0.2293,0.0343,35.43,4.52,22.76,27.53,0.3385,2.413,0.161,0.0634,0.54,6,,DE,2018-10-28
,958606093,958606093,1,17773000000,10747000000,10934000000,4068000000,6839000000,0,0,3581000000,5309000000,4014000000,876000000,876000000,0.89,0.88,0.2,1077000000,-129000000,-882000000,66000000,3440000000,165000000,40.98,50.39,31.57,0.4536,0.1795,7.13,5.9,12.42,4.41,0.1794,0.7763,0.3848,0.192,0.93,0.95,2.6418,AMAT,2018-10-28
,610000000,610000000,1,13657000000,11386000000,4182000000,1608000000,9475000000,0,0,667000000,1987000000,3181000000,1230000000,1230000000,2.02,1.97,0.15,487000000,219000000,-703000000,3000000,721000000,150000000,242.94,292.76,193.12,0.5612,0.3813,15.53,16.79,35.41,2.63,0.0777,0.2097,0.6938,0.3779,1.01,0.55,7.0808,NVDA,2018-10-28
,1129527754,1129527754,1,45200000000,19809000000,43880000000,18196000000,1320000000,0,0,2258000000,23332000000,26302000000,2867000000,2867000000,2.53,2.51,1.03,2129000000,-618000000,-3366000000,-1726000000,1764000000,615000000,193.17,215.43,170.91,,0.2312,1.17,109.76,22.73,23.75,0.432,17.6758,0.0292,0.1,2.31,1.34,1.0886,HD,2018-10-28
,534595685,534595685,1,8142292000,2050100000,2537474000,1138914000,5600811000,4007000,0,3921335000,624840000,2524697000,261406000,261406000,0.49,0.47,0.19,498524000,-139398000,-165639000,190154000,459136000,143125000,39.22,42.99,35.44,0.1889,0.1276,10.48,3.88,21.91,5.77,0.3955,0.1116,0.6879,0.106,1.2,0.66,1.8,HRL,2018-10-28
,301029024,301029024,1,14587000000,2521000000,13172000000,3662000000,1406000000,9000000,0,8680000000,8001000000,2694000000,194000000,194000000,0.64,0.64,0.35,231000000,-100000000,-148000000,-21000000,205000000,110000000,39.94,43.98,35.89,0.1177,0.0138,4.67,8.8,46.44,24.92,2.3391,5.6906,0.0964,0.0195,0.71,0.4,0.6884,CPB,2018-10-28
,4495961730,4495961730,1,105429000000,55686000000,61581000000,26414000000,43848000000,0,0,36102000000,18323000000,13072000000,3549000000,3549000000,0.78,0.77,0.33,3763000000,2675000000,-6945000000,-507000000,8486000000,210000000,45.34,49.47,41.2,0.0272,0.011,9.75,4.8,906.8,6.15,4.6966,0.4179,0.4159,0.0252,0.44,0.79,2.1082,CSCO,2018-10-27
,94954000,94954000,1,3344254000,1705299000,1888566000,968920000,1451964000,3724000,0,1182533000,738341000,1404752000,28869000,28869000,0.31,0.31,0.26,-5247000,138779000,-58904000,74039000,165515000,11910000,23.09,25.97,20.22,0.106,0.0448,15.29,1.52,12.97,6.54,0.6389,0.5085,0.4342,0.028,1.6,-0.18,1.76,PDCO,2018-10-27
,1343045417,1343045417,1,88150000000,21653000000,38436000000,8463000000,49607000000,107000000,0,59424000000,23673000000,7481000000,1115000000,1115000000,0.83,0.82,0.5,1163000000,121000000,-1730000000,-469000000,3911000000,206000000,94.33,100.15,88.51,0.045,0.0248,36.94,2.54,41.01,16.15,1.1464,0.4772,0.5628,0.0744,0.33,0.71,2.5585,MDT,2018-10-26
,251885962,251885962,1,8551000000,5471000000,7021000000,3310000000,1530000000,0,0,1811000000,1144000000,1517000000,241000000,241000000,0.93,0.91,0.4,165000000,195000000,-617000000,-268000000,2365000000,43000000,79.17,88.08,70.26,0.1502,0.0312,6.07,10.68,104.17,4.35,1.0752,0.7477,0.1789,0.047,0.66,0.48,1.6529,NTAP,2018-10-26
,72893719,72893719,1,8972353000,6024283000,5312717000,3721232000,3659636000,0,0,1555462000,1045398000,2274982000,115843000,115843000,1.57,1.56,0.06,237535000,-42445000,-128420000,67757000,970006000,42445000,155,171.33,138.67,0.1554,0.0636,50.21,3.14,21.47,3.06,0.0319,0.2857,0.4079,0.0583,1.09,2.68,1.6189,AAP,2018-10-06
,81102622,81102622,1,16354000000,1692000000,13020000000,2087000000,3334000000,0,0,5208000000,9182000000,2116000000,333000000,333000000,4.05,4.01,0,474000000,-1388000000,863000000,-52000000,65000000,839000000,157.81,173,142.61,0.5317,0.11,41.11,4.13,8.7,0,0,2.754,0.2039,0.2196,0.5,-4.5,0.8107,URI,2018-09-30
,466800000,466800000,1,22398100000,12208500000,16371900000,4096700000,5993300000,32900000,0,8745000000,9296800000,2277200000,-7311000000,-7311000000,-15.52,-15.52,0.23,572100000,98900000,-1505100000,-835800000,1443600000,72700000,24.07,28,20.14,-0.4539,-0.1806,12.84,0.81,5.68,16.27,,1.5512,0.2676,,0.37,1.07,2.9801,NWL,2018-09-30
,183652000,183652000,1,16114700000,8084000000,11502000000,7422600000,4544500000,68200000,0,6273400000,3141200000,1778500000,127600000,127600000,0.7,0.68,0.41,191300000,-208100000,-44800000,-84200000,2260500000,28100000,70.75,76.49,65,0.1411,0.0405,24.75,2.91,20.93,23.61,0.4759,0.6912,0.282,0.0904,0.45,0.89,1.0891,AJG,2018-09-30
,3325410725,3325410725,1,2615183000000,,2356227000000,,258956000000,0,27764000000,0,0,27260000000,8380000000,8380000000,2.35,2.34,0.8,13189000000,-808000000,2553000000,13917000000,419097000000,0,110.72,119.24,102.2,0.1226,0.0115,69.52,1.61,14.78,30.52,0.2961,0,0.0884,0.2641,0.04,3.97,,JPM,2018-09-30
,563860000,563860000,1,55441600000,14352200000,34868800000,18691400000,20565900000,6900000,0,39536000000,12974200000,25563200000,1071600000,1071600000,1.9,1.89,0,759400000,-69100000,69100000,763400000,3705700000,65500000,84.22,96.45,72,0.2562,0.09,36.47,2.44,10.26,0,0,0.6309,0.3709,0.0483,1.86,1.23,0.7679,ESRX,2018-09-30
,2207018287,2207018287,1,79063000000,5766000000,43164000000,5489000000,33487000000,2412000000,0,24900000000,35268000000,3517000000,732000000,693000000,0.31,0.31,0.2,907000000,2118000000,157000000,3213000000,3560000000,733000000,17.87,18.45,17.29,-0.0014,0.0014,15.17,1.19,,9.13,,1.0532,0.4235,,0.18,0.08,1.0505,KMI,2018-09-30
,66989580,66989580,1,3513300000,845900000,3233100000,533600000,273900000,6300000,0,903800000,1963700000,494900000,16100000,16100000,0.24,0.24,0.24,115000000,-66900000,-27100000,20500000,153300000,70900000,71.95,75.59,68.32,-0.0926,-0.0077,4.09,16.77,719.5,18.97,,7.1694,0.078,,0.59,0.66,1.5853,GRA,2018-09-30
,284577000,284577000,1,30134000000,10635000000,18264000000,7156000000,11310000000,560000000,0,14865000000,4753000000,6806000000,644000000,644000000,2.25,2.25,0.8675,-444000000,-200000000,-373000000,-1017000000,2085000000,194000000,198.46,210.89,186.03,0.2346,0.0808,39.74,5.34,23.94,32,0.3942,0.4202,0.3753,0.0933,0.87,-2.24,1.4862,RTN,2018-09-30
,461906035,461906035,1,23462000000,4065000000,11501000000,1322000000,11962000000,-1000000,0,554000000,8955000000,816000000,-409000000,-409000000,-0.88,-0.88,0,214000000,-35000000,-311000000,-132000000,2875000000,34000000,12.37,14.34,10.4,-0.1477,-0.0779,25.9,0.46,,55.67,,0.7486,0.5098,,0.12,0.39,3.0749,RIG,2018-09-30
,523500227,523500227,1,32912000000,3914000000,22679000000,3860000000,8116000000,2117000000,0,23179000000,15829000000,2592000000,117000000,105000000,0.16,0.16,0,931000000,34000000,-829000000,139000000,531000000,-44000000,28.68,32.65,24.72,-0.1218,-0.0265,15.5,1.89,,0,,1.9503,0.2466,,0.31,1.86,1.014,DISC,2018-09-30
,137504393,137504393,1,4492722000,2805065000,2926119000,1515332000,1566603000,0,0,1385442000,1341303000,694044000,175895000,175895000,1.27,1.25,0.46,220413000,-19563000,-204328000,-12774000,297801000,19504000,92.43,101.2,83.66,0.4203,0.1441,11.39,8.43,22.71,17.35,0.4053,0.8562,0.3487,0.0681,2.12,1.46,1.8511,CHRW,2018-09-30
,37131243,37131243,1,1931400000,504700000,2661500000,796600000,-744900000,14800000,0,1066500000,1318200000,407300000,50200000,50200000,1.35,1.35,0.52,72700000,-15000000,-24200000,28700000,228200000,14500000,133.34,145,121.67,,0.1122,-20.06,,20.97,19,0.329,,,0.1302,0.86,1.57,0.6336,DNB,2018-09-30
,761250269,761250269,1,9746192000,6719760000,3293620000,1457646000,6452572000,0,0,1272749000,1747436000,758111000,789179000,789179000,1.04,1.02,0,443899000,-1026764000,-30641000,-616203000,1956302000,116701000,37.41,46.9,27.93,0.187,0.1241,8.48,5.09,120.68,0,0,0.2708,0.6621,0.3635,0.34,0.43,4.61,TWTR,2018-09-30
,95602883,95602883,1,5818435000,1427715000,2792613000,845345000,3025822000,0,0,620232000,1488147000,591488000,148354000,146285000,1.56,1.56,0.18,453474000,19388000,-19739000,453123000,863946000,-19388000,92.13,103.73,80.53,0.2282,0.1201,31.65,3.04,14.79,4.96,0.0864,0.4918,0.52,0.2827,0.42,4.95,1.6889,XEC,2018-09-30
,468200000,468200000,1,20172000000,4757000000,11274000000,3224000000,8898000000,0,0,841000000,5791000000,2579000000,2537000000,2537000000,5.17,5.14,0.08,853000000,2422000000,-1689000000,1596000000,3121000000,528000000,42.61,46.54,38.69,0.1819,0.0586,19,2.71,,8.94,0.0885,0.6508,0.4411,0.1265,0.46,0.69,1.4755,DVN,2018-09-30
,354983320,354983320,1,16635000000,2047000000,12420000000,1794000000,4017000000,198000000,0,13507000000,8304000000,1600000000,96000000,96000000,0.27,0.27,0.35,387000000,-127000000,-205000000,52000000,446000000,121000000,26.3,32.06,20.53,0.0775,0.0191,11.32,2.31,25.53,6.34,1.5294,2.0672,0.2415,0.0485,0.39,0.75,1.141,NLSN,2018-09-30
,104814977,104814977,1,7094555000,3886089000,1923598000,868184000,5170957000,0,0,89047000,463485000,676220000,57750000,57750000,0.55,0.54,0,-225166000,-422902000,73192000,-574253000,1524172000,237997000,51.55,55.75,47.34,-0.0663,-0.0489,49.33,1.06,,0,,0.0896,0.7289,,0.27,-4.42,4.4761,FSLR,2018-09-30
,156351525,156351525,1,14681131000,7127322000,10402757000,6129677000,4092780000,185594000,0,6241008000,3483746000,5305850000,83977000,83977000,0.54,0.51,0,531886000,57967000,-501087000,85314000,886733000,21248000,32.98,35,30.95,0.0335,0.0093,26.18,1.3,38.8,0,0,0.8512,0.2788,0.0068,1.37,3.27,1.1628,ACM,2018-09-30
,123299895,123299895,1,10893000000,2056000000,7102000000,2888000000,3791000000,0,0,2071000000,1684000000,2212000000,217000000,217000000,1.76,1.75,0.32,260000000,135000000,-319000000,76000000,184000000,262000000,64.36,70.75,57.97,0.2164,0.0723,30.75,2.21,9.49,4.77,0.1972,0.4442,0.348,0.0964,0.75,-0.02,0.7119,ALK,2018-09-30
,388133243,388133243,1,14114600000,,4955700000,,8984400000,174500000,0,109200000,0,4505300000,466200000,466200000,1.25,1.23,0.125,238700000,37300000,18900000,294900000,1473100000,-3600000,42.74,46.91,38.58,0.1735,0.1084,23.15,1.87,12.53,4.83,0.13,0,0.6365,0.0909,1.19,0.62,,DHI,2018-09-30
,127652097,127652097,1,5058000000,1317000000,4381000000,1235000000,677000000,0,0,2527000000,2285000000,1563000000,210000000,210000000,1.65,1.62,0.96,259000000,-36000000,-192000000,31000000,165000000,36000000,140.36,153.38,127.34,,0.1656,5.3,24.75,22.42,41.45,0.5507,3.3752,0.1338,0.1359,1.22,1.75,1.0664,CLX,2018-09-30
,114200264,114200264,1,7318600000,4252600000,1030100000,703300000,6280600000,7900000,0,236100000,0,920900000,292500000,292500000,2.57,2.45,0,319800000,-572600000,57700000,-195200000,1023300000,47000000,523.61,575.41,471.8,0.1425,0.1209,55,10.16,77,0,0,0,0.8582,0.1878,0.64,2.39,6.0466,ISRG,2018-09-30
,179716050,179716050,1,7326000000,2204000000,4695000000,1483000000,2617000000,14000000,0,4267000000,2189000000,1287000000,130000000,130000000,0.73,0.72,0.21,187000000,-42000000,-57000000,83000000,404000000,60000000,74.3,82.44,66.15,0.1553,0.0549,14.56,5.31,36.6,3.91,0.36870000000000003,0.8365,0.3572,0.0775,0.71,0.71,1.4862,XYL,2018-09-30
,831275876,831275876,1,21778000000,3065000000,9734000000,2142000000,12044000000,0,0,97000000,5498000000,1667000000,254000000,254000000,0.3,0.3,0.05,963000000,-689000000,-377000000,-103000000,1564000000,775000000,21.33,23.67,18.98,0.0566,0.0311,14.49,1.5,,29.52,0.2499,0.4565,0.553,0.1094,0.28,0.23,1.4309,MRO,2018-09-30
,913710098,913710098,1,12659000000,1235000000,12698000000,2976000000,-162000000,123000000,1671000000,0,9380000000,2418000000,84000000,60000000,0.07,0.07,0,504000000,-549000000,46000000,1000000,4000000,549000000,4.74,5.6,3.88,,0.056,-2.01,,8.17,3.55,0,,,0.0617,0.78,-0.05,0.415,CHK,2018-09-30
,637219244,637219244,1,67333000000,38320000000,52984000000,12432000000,14349000000,0,0,22466000000,29350000000,5904000000,1859000000,1859000000,2.88,2.86,1.32,3273000000,1132000000,-2580000000,1825000000,11956000000,171000000,196.44,210.19,182.7,0.1256,0.0308,22.52,8.53,54.42,21.75,1.543,2.0454,0.2131,0.0944,0.33,4.87,3.0824,AMGN,2018-09-30
,155644246,155644246,1,6185021000,,3889571000,,2125682000,169768000,125000000,0,3646789000,242481000,569991000,567029000,3.62,3.61,0.38,117300000,532809000,-684750000,-34641000,104299000,-493405000,43.04,44.9,41.18,0.5558,0.1473,12.85,4.54,18.47,36.74,0.2577,1.8228,0.3235,0.9175,0.16,3.92,,AIV,2018-09-30
,78815696,78815696,1,1187792000,873642000,427114000,174762000,760678000,0,0,214382000,0,64812000,20623000,20623000,0.27,0.27,0,7722000,-9675000,-3276000,-5791000,87047000,-4827000,41.59,51.51,31.66,0.0608,0.0382,9.65,4.46,159.96,0.87,0,0,0.6404,0.0593,0.64,0.16,4.999,ACXM,2018-09-30
,240844114,240844114,1,25602000000,13348000000,21274000000,12643000000,4262000000,66000000,0,9542000000,5822000000,2349000000,153000000,147000000,0.6,0.6,0.4,562000000,-95000000,-457000000,-3000000,484000000,68000000,147.67,158.77,136.56,0.1648,0.0303,17.7,7.88,46.15,18.67,0.4806,1.366,0.1665,0.0706,0.41,2.05,1.0558,AOC,2018-09-30
,103430854,103430854,1,15245100000,1608000000,7690200000,2119300000,7554900000,0,0,13288300000,4414300000,1318700000,247600000,247600000,2.39,2.37,0.4125,418200000,-19800000,-457200000,-58400000,363400000,13900000,291.48,312.65,270.31,0.1567,0.0767,73.04,4.13,28.22,10.62,0.1503,0.5843,0.4956,0.2244,0.34,3.91,0.7587,ROP,2018-09-30
,222547625,222547625,1,8769200000,1902800000,3614900000,1080100000,5142000000,12300000,0,5931600000,1574800000,928400000,28000000,28000000,0.13,0.13,0,125600000,-45500000,-82400000,-6200000,233100000,47200000,43.06,48.95,37.18,-0.2822,-0.1735,23.11,1.87,,3.99,,0.3063,0.5864,,0.42,0.35,1.7617,XRAY,2018-09-30
,763050718,763050718,1,16713000000,4972000000,6054000000,2382000000,10659000000,0,0,10589000000,2670000000,1512000000,260000000,260000000,0.34,0.34,0,253000000,-36000000,-1770000000,-1549000000,3316000000,36000000,75.98,83.75,68.22,0.0574,0.0322,13.97,5.6,116.89,2.02,0.4478,0.2505,0.6378,0.0807,0.4,0.28,2.0873,ATVI,2018-09-30
,1720154771,1720154771,1,865517000000,,785443000000,,78703000000,1371000000,911000000,8920000000,189949000000,9872000000,2112000000,2019000000,1.19,1.17,0.3,14565000000,-4763000000,1536000000,10892000000,92481000000,453000000,48.9,51.52,46.28,0.0948,0.0091,45.22,1.09,12.41,28.55,0.2513,2.4418,0.0899,0.1786,0.05,8.2,,MS,2018-09-30
,100900000,100900000,1,16661400000,3274300000,9392900000,2106200000,7248100000,20400000,0,11353600000,6097200000,2831300000,318800000,318800000,3.14,3.1,0,297000000,549900000,-174000000,671200000,892600000,48500000,177.88,188.65,167.1,0.2039,0.0861,71.83,2.58,14.11,0,0,0.8412,0.435,0.1263,0.68,2.46,1.5546,LH,2018-09-30
,448366397,448366397,1,4227169000,2587030000,2221248000,1299739000,2005921000,0,0,595000000,703455000,1442976000,75266000,75266000,0.17,0.17,0,-27190000,-28158000,24561000,-27780000,176540000,28157000,19.26,21.48,17.04,-0.0695,-0.0331,4.47,4.46,,0,,0.3507,0.4745,,1.24,-0.12,1.9904,UA,2018-09-30
,286219594,286219594,1,11805969000,1215975000,9772348000,1247352000,1937386000,96235000,0,5995608000,8109179000,965661000,67023000,67148000,0.23,0.23,0.5876,231214000,-181297000,-29194000,9484000,197676000,310114000,34.98,36.95,33.01,0.1066,0.0195,6.77,4.87,53,20.7,2.9901,4.1856,0.1641,0.0561,0.35,-0.28,0.9748,IRM,2018-09-30
,181142215,181142215,1,48471172000,3694546000,39860689000,5750563000,8412712000,197771000,0,377172000,15801714000,3104319000,539818000,539818000,2.96,2.92,0.89,779581000,-1070789000,466402000,175194000,987981000,1074374000,81.7,85.81,77.59,0.0538,0.0092,46.44,1.84,50.43,59.58,1.479,1.8783,0.1736,0.0392,0.23,-1.63,0.6425,ETR,2018-09-30
,513848752,513848752,1,44835000000,3003000000,32670000000,3838000000,12165000000,0,0,0,15508000000,3048000000,491000000,491000000,0.96,0.96,0.38,1056000000,-841000000,-334000000,-119000000,213000000,857000000,47.01,49.49,44.53,0.1056,0.0282,23.67,2.05,19.43,29.51,0.6187,1.2748,0.2713,0.108,0.26,0.39,0.7824,XEL,2018-09-30
,323072855,323072855,1,48948669000,,38155533000,,10621185000,171951000,0,1894898000,7777425000,1458977000,192635000,191581000,0.56,0.55,0.125,724022000,-126662000,-236292000,354181000,5801964000,49671000,23.34,25.07,21.62,0.0739,0.0159,32.88,0.74,12.35,8.28,0.1875,0.7323,0.217,0.0867,0.18,2.09,,LUK,2018-09-30
,192185109,192185109,1,66731000000,,59178000000,,7553000000,0,566000000,1015000000,879000000,701000000,223000000,215000000,1.11,1.04,0.3,387000000,-410000000,72000000,49000000,517000000,36000000,52.39,54.99,49.79,0.106,0.0118,36.36,1.44,16.17,15.96,0.2342,0.1258,0.1047,0.2736,0.04,1.83,,ZION,2018-09-30
,433400000,433400000,1,31628000000,7867000000,14839000000,5267000000,16754000000,35000000,0,18334000000,6737000000,5412000000,416000000,416000000,0.96,0.95,0.66,1000000000,-219000000,-700000000,71000000,327000000,131000000,81.78,89.46,74.11,0.1268,0.0669,38.66,2.12,11.57,27.87,0.5222,0.4021,0.5297,0.1008,0.66,2.01,1.4936,ETN,2018-09-30
,89925190,89925190,1,10119800000,4437800000,7501800000,5171100000,2618000000,0,0,580100000,0,5349200000,112000000,112000000,1.24,1.23,0,244400000,-89800000,-155100000,-500000,53300000,72300000,46,50.54,41.45,0.1826,0.0445,29.11,1.65,9.73,0.67,0,0,0.2587,0.021,2.12,1.91,0.8582,AN,2018-09-30
,4549504769,4549504769,1,200635000000,23206000000,126973000000,19627000000,71523000000,2139000000,0,114717000000,69711000000,22135000000,2886000000,2886000000,0.63,0.62,0.19,5970000000,-3284000000,6094000000,8780000000,14622000000,2829000000,35.24,38.06,32.42,0.3454,0.1258,15.72,2.28,6.94,4.11,0.1386,0.9747,0.3565,0.2733,0.46,0.69,1.1824,CMCS,2018-09-30
,440487861,440487861,1,33077200000,2437000000,26193700000,4579700000,5350700000,1532800000,0,16945100000,18422900000,1785500000,366900000,366900000,0.83,0.83,0.79,753300000,-212100000,-222700000,323200000,1293300000,185500000,145.21,151.92,138.51,0.1992,0.0358,12.15,11.53,57.62,12.66,1.1354,3.4431,0.1618,0.1667,0.21,1.29,0.5321,AMT,2018-09-30
,106205885,106205885,1,7487195000,2059577000,3800918000,1127009000,3528844000,157433000,0,1988907000,1411605000,777748000,129745000,129745000,1.21,1.2,0.335,153084000,-201411000,-216061000,-266918000,641226000,190730000,98.72,107.42,90.02,0.0941,0.0456,33.23,2.9,33.02,12.82,0.4179,0.4,0.4713,0.1044,0.44,-0.35,1.8275,ALB,2018-09-30
,146332674,146332674,1,8461770000,2459049000,5713836000,1890305000,2747934000,0,0,4915448000,2981923000,1747403000,157305000,157305000,1.07,1.05,0.48,240398000,-35922000,-232476000,-33537000,209277000,35922000,81.05,90.26,71.84,0.2012,0.0761,18.78,4.21,16.99,36.52,0.3929,1.0852,0.3247,0.0969,0.79,1.4,1.3009,DOV,2018-09-30
,80390499,80390499,1,20288071000,1806987000,13127898000,1461319000,7160173000,0,0,7235926000,11336184000,1283751000,124825000,124825000,1.56,1.55,2.28,417162000,-619957000,104064000,-103835000,898404000,1173758000,439.75,457.99,421.5,0.0457,0.0162,89.07,5.05,126.36,38.29,2.1968,1.5832,0.3529,0.0646,0.25,-9.41,1.2365,EQIX,2018-09-30
,64668434,64668434,1,535685000,158635000,180251000,119046000,355434000,0,0,281998000,42000000,116317000,13094000,13094000,0.2,0.2,0,11904000,-6356000,106000,5654000,39718000,6356000,21.52,23.73,19.3,0.0185,0.0119,5.5,4.1,1076,6.94,0,0.1182,0.6635,0.0121,0.99,0.09,1.3326,QSII,2018-09-30
,205355367,205355367,1,31157000000,13088000000,20396000000,12741000000,10653000000,108000000,0,9226000000,6383000000,16182000000,19000000,19000000,0.09,0.09,0,548000000,-2310000000,82000000,-1680000000,6854000000,127000000,134.63,148.24,121.01,0.0998,0.0333,51.88,2.6,22.94,0,0,0.5992,0.3419,0.0158,2.11,2.05,1.0272,CNC,2018-09-30
,219533532,219533532,1,19178300000,5082200000,8002000000,2338300000,10857500000,318800000,0,1245900000,3812600000,2298900000,452900000,452900000,2.06,2.04,1.1,691400000,-610200000,-262000000,-195200000,2791300000,410300000,162.33,171.66,153.01,0.1422,0.0798,49.46,3.39,23.66,56.24,0.6221,0.3511,0.5661,0.1677,0.48,1.28,2.1735,APD,2018-09-30
,138222567,138222567,1,18662119000,,8258644000,,10394153000,9322000,0,0,7603792000,575982000,192407000,192486000,1.39,1.39,1.47,356062000,-178775000,-245593000,-68306000,281591000,200252000,177.47,185.99,168.95,0.0796,0.0444,75.2,2.36,28.17,78.39,0.9749,0.7315,0.557,0.3654,0.12,1.13,,AVB,2018-09-30
,421391305,421391305,1,11109521000,,5633350000,,5378250000,97921000,43000,0,4887474000,283080000,100158000,85624000,0.19,0.19,0.28,164345000,2604000,-326140000,-159191000,146386000,594652000,16.8,17.66,15.95,0.0813,0.0434,12.76,1.31,15.7,22.74,1.0788,0.9088,0.4841,0.3675,0.11,-1.02,,KIM,2018-09-30
,424308242,424308242,1,51894000000,19891000000,28934000000,12482000000,21910000000,1050000000,0,0,8877000000,30849000000,856000000,856000000,2.01,2.01,0.8,496000000,-636000000,-779000000,-900000000,3551000000,635000000,113.09,122.42,103.75,0.2075,0.0899,51.64,2.22,10.91,15.27,0.2928,0.4052,0.4222,0.0396,2.27,-0.33,1.5936,VLO,2018-09-30
,202306281,202306281,1,22498000000,3696000000,15038000000,3380000000,7215000000,245000000,0,17897000000,10518000000,2594000000,60000000,60000000,0.3,0.29,0,344000000,-182000000,-201000000,-52000000,827000000,123000000,114.94,131.71,98.17,0.164,0.0556,35.66,3.16,19.09,0,0,1.4578,0.3207,0.1229,0.45,1.09,1.0935,Q,2018-09-30
,287856237,287856237,1,19979000000,3305000000,13229000000,3860000000,6232000000,518000000,0,3714000000,6615000000,3024000000,480000000,480000000,1.6,1.58,0.825,871000000,-378000000,-357000000,121000000,600000000,380000000,160.53,168.54,152.52,0.2362,0.072,21.65,7.66,33.37,31.45,0.6451,1.0615,0.3119,0.1209,0.6,1.71,0.8562,PX,2018-09-30
,4132015101,4132015101,1,265562000000,33154000000,209475000000,34167000000,54495000000,1592000000,0,132937000000,106440000000,32607000000,4924000000,4924000000,1.19,1.19,0.6025,9811000000,-4408000000,-4556000000,847000000,3575000000,4340000000,52.56,55.42,49.7,0.6439,0.1228,13.19,4.17,6.95,45.26,0.3029,1.9532,0.2052,0.2471,0.5,1.32,0.9704,VZ,2018-09-30
,1641681,1641681,1,736459000000,,357040000000,,375606000000,3813000000,0,112953000000,5583000000,63450000000,18540000000,18540000000,11280,11280,0,10464000000,-33461000000,-10000000,-23075000000,42101000000,3711000000,308080,334560,281600,0.1734,0.0869,228793.54,1.42,10.67,0,0,0.0149,0.51,0.255,0.34,4113.47,,BRK,2018-09-30
,562306592,562306592,1,26882000000,5601000000,16729000000,7843000000,10153000000,0,0,1373000000,3100000000,5575000000,615000000,615000000,1.08,1.08,0.16,1271000000,-604000000,-677000000,-10000000,2104000000,462000000,57.26,64.02,50.5,0.3681,0.1423,18.06,3.28,9.42,2.59,0.0894,0.3053,0.3777,0.1718,0.83,1.44,0.7141,LUV,2018-09-30
,460546469,460546469,1,4644017000,288185000,3680833000,526435000,963184000,0,0,0,2693424000,394973000,78419000,78419000,0.17,0.17,0,147904000,-82600000,679000,65983000,82983000,82218000,5.29,6.39,4.19,0.3451,0.0607,2.09,2.76,11.26,0.43,0,2.7964,0.2074,0.1881,0.32,0.14,0.5474,DNR,2018-09-30
,986838252,986838252,1,698451000000,,646642000000,,51625000000,184000000,0,9440000000,4219000000,16289000000,912000000,880000000,0.89,0.88,0.42,3533000000,-6228000000,-1081000000,-3822000000,12490000000,0,46.01,48.92,43.09,0.0964,0.0077,52.31,0.85,11.11,15.1,0.3115,0.0817,0.0739,0.0817,0.09,3.58,,MET,2018-09-30
,1756333032,1756333032,1,71637000000,18196000000,40739000000,12776000000,30705000000,193000000,0,42893000000,19284000000,7656000000,563000000,560000000,0.32,0.32,0.28,2183000000,-323000000,2471000000,4304000000,7369000000,354000000,66.95,73.58,60.32,0.0283,0.0123,17.48,3.84,131.27,62.69,2.2458,0.628,0.4286,0.0573,0.21,1.04,1.4242,ABT,2018-09-30
,116337920,116337920,1,2329022000,633784000,1454433000,735279000,874589000,0,0,1382659000,643268000,312520000,13191000,13191000,0.11,0.11,0,62489000,-19123000,-45771000,-6606000,259946000,17375000,98.92,107.39,90.46,0.059,0.0226,7.52,13.97,210.47,0,0,0.7355,0.3755,0.0419,0.54,0.39,0.862,PMTC,2018-09-30
,125684396,125684396,1,5389000000,2122400000,3305800000,730600000,1980200000,103000000,0,536400000,1535300000,1020200000,50500000,50500000,0.4,0.37,0,81600000,-39300000,-11200000,31100000,153500000,30700000,27.24,30.18,24.3,0.0977,0.0343,15.76,1.78,,14.08,0,0.7753,0.3675,0.0467,0.74,0.4,2.905,ATI,2018-09-30
,374295243,374295243,1,21068000000,6040000000,18554000000,3993000000,2514000000,0,0,7571000000,9465000000,3263000000,488000000,488000000,1.3,1.29,0.18,137000000,-36000000,-171000000,-70000000,182000000,37000000,55.25,59.59,50.91,0.6286,0.0655,6.72,9.59,14.85,8.77,0.2004,3.7649,0.1193,0.0942,0.7,0.27,1.5126,CBS,2018-09-30
,527197958,527197958,1,29973515000,2208024000,19133997000,2977590000,6773358000,4066160000,0,5813972000,14663972000,3029302000,142878000,138723000,0.26,0.26,0.12,302315000,-1119259000,845548000,29805000,1302677000,362028000,28.98,31.66,26.31,0.2588,0.0642,12.85,2.28,8.94,0.74,0.1052,2.1649,0.226,0.1637,0.39,-0.11,0.7415,MGM,2018-09-30
,164649365,164649365,1,31647200000,,28027300000,,3619900000,0,0,0,925000000,1481200000,-529800000,-529800000,-3.22,-3.22,0,-128700000,-73700000,52300000,-150100000,595600000,0,20.64,22.54,18.75,-0.0945,-0.0127,21.99,0.76,16.25,1.53,,0.2555,0.1144,,0.14,-0.78,,CNO,2018-09-30
,582287135,582287135,1,37275000000,14419000000,26964000000,7336000000,10248000000,63000000,0,12849000000,13539000000,8152000000,1543000000,1543000000,2.64,2.58,1.36,2139000000,-269000000,-1453000000,384000000,3185000000,330000000,204.22,217.87,190.57,0.4194,0.1202,17.6,11.56,28.21,53.44,0.6837,1.3211,0.2749,0.1379,0.87,3.11,1.9655,MMM,2018-09-30
,59449055,59449055,1,4110000000,1403200000,2580500000,834600000,1526400000,3100000,0,1899100000,937500000,855800000,97000000,97000000,1.62,1.59,0.35,91000000,-6500000,-75200000,5400000,323600000,30800000,89.31,99.34,79.28,0.1512,0.0534,25.68,3.69,28.81,18.37,0.3778,0.6142,0.3714,0.0676,0.79,1.01,1.6813,CR,2018-09-30
,280113621,280113621,1,28882000000,8815000000,17045000000,8514000000,11500000000,337000000,0,14019000000,5409000000,5013000000,262000000,262000000,0.93,0.92,0.19,412000000,200000000,-386000000,201000000,2780000000,183000000,88.21,96.75,79.67,0.1507,0.0592,41.05,2.16,13.8,37.74,0.1127,0.4703,0.3982,0.0815,0.73,0.82,1.0354,CSC,2018-09-30
,503708096,503708096,1,21129000000,5966000000,13591000000,4727000000,7453000000,85000000,0,12093000000,5512000000,3504000000,276000000,276000000,0.55,0.54,0.42,906000000,-473000000,-515000000,-85000000,951000000,85000000,84.63,87.89,81.38,0.2003,0.0726,14.8,5.54,26.53,22.66,0.5122,0.7396,0.3527,0.1023,0.71,1.63,1.2621,MMC,2018-09-30
,1554523901,1554523901,1,39380000000,18538000000,49322000000,15599000000,-11720000000,1778000000,0,9588000000,28179000000,7504000000,2247000000,2247000000,1.44,1.44,1.14,1683000000,-481000000,-1889000000,-709000000,5913000000,328000000,81.98,87.44,76.52,,0.1612,-7.54,,19.9,35.47,1.0261,,,0.1532,1.05,0.87,1.1884,PM,2018-09-30
,87600000,87600000,1,3844700000,1631900000,2056900000,897700000,1785600000,2200000,0,1020500000,9900000,680600000,110900000,110900000,1.27,1.25,0.134,126800000,24300000,-72100000,76200000,525800000,-25200000,57.15,63.04,51.26,0.1277,0.0564,20.38,2.98,26.58,53.95,0.2174,0.0055,0.4644,0.078,0.72,1.74,1.8179,ITT,2018-09-30
,467673887,467673887,1,30137410000,3038909000,21454201000,4877597000,8244845000,438364000,0,24487077000,13790114000,3395141000,452598000,431734000,0.92,0.82,0,690396000,-460562000,-7929000,221905000,1230107000,114686000,33.34,37.47,29.2,0.3462,0.0902,17.63,2,7.43,13.05,0,1.6726,0.2736,0.1901,0.46,1.23,0.623,DISH,2018-09-30
,109038462,109038462,1,6214867000,1115550000,1832132000,377168000,4382735000,0,0,137984000,493968000,696825000,2453000,3078000,0.03,0.03,0.71,186110000,-130178000,-78003000,-22071000,284355000,127594000,64.19,70.78,57.6,0.1068,0.0769,40.19,1.57,15.5,22.87,0.6422,0.1127,0.7052,0.1923,0.4,0.54,2.9577,HP,2018-09-30
,52748435,52748435,1,12197467000,3657287000,14005938000,900382000,-1808471000,0,0,8011694000,12501946000,1049434000,228763000,228763000,4.11,4.11,0,331263000,-108904000,-3954000,219644000,2073017000,23244000,357.86,377.67,338.04,,0.086,-34.28,,25.91,113.5,0,,,0.2364,0.34,5.84,4.0619,TDG,2018-09-30
,112079739,112079739,1,17671955000,1207190000,12186094000,1734788000,5353572000,132289000,0,268630000,5087364000,1268034000,315012000,315012000,2.81,2.8,0.695,563961000,-234220000,-268589000,61152000,64991000,218506000,80.12,83.05,77.19,0.0993,0.0301,47.77,1.78,19.26,46.02,0.6242,0.9503,0.3029,0.1371,0.21,3.08,0.6959,PNW,2018-09-30
,108234564,108234564,1,10805613000,5719583000,2937313000,1417230000,7868300000,0,0,0,0,1663496000,594655000,594655000,5.5,5.17,0,452961000,-286708000,3714000,169967000,1100343000,106246000,379.53,416.49,342.58,0.259,0.1849,72.7,5.71,27.48,0,0,0,0.7282,0.2824,0.65,3.2,4.0357,REGN,2018-09-30
,45336278,45336278,1,15093464000,,13294655000,,1757659000,41150000,0,0,0,134015000,-103845000,-103845000,-2.27,-2.27,0,-106355000,234009000,-119462000,8079000,53529000,0,21.32,23.34,19.3,0.1101,0.009,38.77,0.54,9.92,5.24,0,0,0.1165,0.2881,0.03,-2.35,,ABK,2018-09-30
,62712073,62712073,1,9588171000,1454808000,4645843000,772686000,4939394000,2934000,0,2908410000,2829657000,1219640000,180353000,180353000,2.86,2.85,0.48,203505000,-63291000,-120032000,20182000,53961000,73885000,204.77,229,180.54,0.1574,0.0811,78.76,2.66,17.95,25.6,0.1503,0.5729,0.5152,0.1795,0.45,2.07,1.8828,MLM,2018-09-30
,126507478,126507478,1,5495329000,3192450000,3608048000,1321923000,1887281000,0,0,1304622000,1694721000,1569686000,263861000,263861000,2.08,2.06,0.63,-66055000,-27057000,-157325000,-251965000,907107000,32260000,100.65,109.6,91.7,0.117,0.04,14.92,7.23,62.13,20.01,1.4981,0.898,0.3434,0.0431,0.93,-0.78,2.415,HAS,2018-09-30
,257966088,257966088,1,106493000000,,102738000000,,3724000000,31000000,0,792000000,96089000000,511000000,114000000,114000000,0.44,0.43,0.16,173000000,2443000000,-2376000000,240000000,5248000000,0,13.7,14.48,12.91,0.0658,0.0022,14.44,0.98,12.45,2.84,0.7033,25.8026,0.035,0.1155,0.02,0.67,,NAVI,2018-09-30
,312301824,312301824,1,4155000000,1169000000,11613000000,1194000000,-7458000000,0,0,573000000,9405000000,1391000000,454000000,454000000,1.43,1.4,0.36,415000000,131000000,-582000000,-72000000,337000000,62000000,84.18,91.26,77.09,,0.353,-23.88,,18.3,38.77,0.33,,,0.2881,1.23,1.13,0.9791,YUM,2018-09-30
,125492373,125492373,1,1715190000,669008000,1062902000,192574000,652288000,0,0,699769000,819107000,165625000,-70140000,-70140000,-0.56,-0.56,0,-5467000,-15175000,-488000,-21470000,276149000,15175000,16.16,19.65,12.66,-0.3343,-0.1386,5.2,2.81,,0,,1.2557,0.3803,,0.4,-0.16,3.474,AKRX,2018-09-30
,27787300,27787300,1,2230872000,793071000,795035000,402786000,1435837000,0,0,21939000,0,1225007000,38204000,38204000,1.37,1.36,0,197079000,-60417000,-19322000,117390000,372608000,81494000,477.52,530.68,424.36,0.1356,0.0886,51.67,9.54,78.93,0,0,0,0.6436,0.0396,2.23,4.16,1.969,CMG,2018-09-30
,1449033664,1449033664,1,37749000000,10921000000,24295000000,3851000000,9977000000,3477000000,0,0,11123000000,4908000000,664000000,556000000,0.38,0.38,0.05,1247000000,-502000000,-63000000,693000000,4799000000,507000000,15.16,18.14,12.18,0.3501,0.1002,6.89,2.32,7.7,15.32,0.0688,1.1149,0.2643,0.158,0.54,0.51,2.8359,FCX,2018-09-30
,749200027,749200027,1,17427000000,1714000000,8370000000,1273000000,9057000000,0,0,40000000,5921000000,1910000000,255000000,255000000,0.34,0.34,0.34,87000000,-115000000,-525000000,-553000000,348000000,105000000,34.77,37.44,32.11,0.1228,0.0623,12.09,2.84,26.75,44.82,0.8825,0.6537,0.5197,0.1451,0.43,-0.02,1.3464,WY,2018-09-30
,298018441,298018441,1,3125000000,1650600000,3211200000,380700000,-86200000,0,0,0,2300000000,741800000,437800000,437800000,1.47,1.41,0,238000000,-73900000,-82000000,80800000,897100000,76400000,10.61,13.1,8.11,,0.2763,-0.29,,7.22,7.22,0,,,0.3608,0.77,0.54,4.3357,CLF,2018-09-30
,230791461,230791461,1,13156000000,1597000000,6993000000,788000000,3436000000,2727000000,0,2480000000,4697000000,1040000000,71000000,30000000,0.13,0.13,0.3,645000000,-120000000,-231000000,294000000,1022000000,130000000,48.48,55.47,41.49,0.1994,0.0629,14.89,3.18,19.39,6.73,0.3956,1.367,0.2612,0.1606,0.33,2.23,2.0266,CF,2018-09-30
,169443126,169443126,1,11057030000,,4504787000,,6512094000,40149000,0,318710000,3717208000,278310000,70534000,69722000,0.41,0.41,0.63,163849000,46730000,-209333000,1246000,44486000,-56943000,63.56,66.86,60.27,0.0388,0.0073,38.43,1.65,44.45,46.25,1.8137,0.5708,0.589,0.2319,0.1,1.3,,REG,2018-09-30
,107526601,107526601,1,14105566000,,6692182000,,6872783000,540601000,0,0,5684004000,341823000,213636000,208940000,2.01,1.99,0.93,155847000,-495250000,251320000,-87961000,233880000,488030000,126.01,130.42,121.61,0.0675,0.0337,63.92,2.06,45.66,52.51,0.8884,0.827,0.4872,0.3346,0.1,-3.09,,ARE,2018-09-30
,800399090,800399090,1,26392000000,6632000000,12414000000,3112000000,13890000000,88000000,2300000000,3239000000,5056000000,3008000000,625000000,601000000,0.75,0.67,0.18,943000000,-511000000,-538000000,-120000000,1903000000,452000000,31.89,36.56,27.22,-0.0605,-0.0239,14.48,2.23,,8.48,,0.4362,0.4391,,0.41,0.61,2.1311,GLW,2018-09-30
,384351500,384351500,1,13513100000,8330500000,11183200000,6691700000,2137900000,192000000,0,3784700000,3261400000,2297500000,161000000,161000000,0.42,0.41,0.21,231000000,-59000000,1209600000,1373800000,1869700000,44200000,22.59,23.77,21.41,0.2864,0.048,5.56,4.21,14.96,6.19,0.5112,1.5255,0.1582,0.0662,0.72,0.49,1.2449,IPG,2018-09-30
,511445350,511445350,1,39443000000,2596000000,32570000000,5800000000,6873000000,0,70000000,5618000000,16608000000,3064000000,-458000000,-512000000,-1.02,-1.02,0.72,846000000,-672000000,-11000000,163000000,487000000,659000000,36.33,38.37,34.3,-0.2612,-0.0323,13.3,2.34,,36.61,,2.4413,0.1725,,0.31,0.37,0.4476,FE,2018-09-30
,221395358,221395358,1,132378500000,,122014000000,,10364500000,0,1270500000,817300000,1794800000,1474300000,374500000,357200000,1.59,1.58,0.55,1453900000,1730700000,-2939600000,185300000,5073400000,130600000,108.66,115.61,101.72,0.162,0.0112,41.08,2.67,18.2,22.37,0.2781,0.1974,0.0687,0.2477,0.04,5.98,,NTRS,2018-09-30
,154440500,154440500,1,20137498000,,11931524000,,5876566000,2329408000,200000000,0,3137548000,686284000,121743000,119118000,0.77,0.77,0.8,209781000,-534266000,21209000,-303276000,423784000,205203000,126.72,132.82,120.62,0.1021,0.0273,36.76,3.44,37.27,71.54,0.9364,0.5527,0.2819,0.1978,0.14,0.03,,BXP,2018-09-30
,2491408329,2491408329,1,118440000000,23346000000,65936000000,29220000000,52236000000,268000000,951000000,69144000000,20779000000,16690000000,3199000000,3133000000,1.26,1.22,0.7172,3567000000,-865000000,-2656000000,-24000000,2545000000,1071000000,81.85,86.28,77.42,0.188,0.0828,20.58,3.97,22.36,35.22,0.7175,0.4052,0.433,0.147,0.55,1,0.799,PG,2018-09-30
,162737705,162737705,1,22480000000,,14146000000,,8334000000,0,0,0,830000000,1915000000,553000000,553000000,3.4,3.38,0.53,362000000,-115000000,-152000000,95000000,616000000,5000000,73.12,79.67,66.56,0.1703,0.0631,51.21,1.5,13.01,30.64,0.3066,0.0996,0.3707,0.2261,0.28,2.19,,CINF,2018-09-30
,1240600000,1240600000,1,24156400000,12494200000,22980600000,5684200000,1169500000,6300000,0,4583800000,9090200000,6303700000,755500000,755500000,0.57,0.56,0.36,8433400000,-664800000,-875100000,6864200000,8756300000,568600000,53.12,57.84,48.4,,0.2335,0.94,17.95,16.65,5.65,0.3913,7.7727,0.0484,0.1828,1.28,6.34,2.1981,SBUX,2018-09-30
,477945257,477945257,1,98603000000,8349000000,61265000000,12807000000,34252000000,3086000000,0,0,27048000000,4418000000,1007000000,1007000000,2.13,2.1,1.11,2292000000,-3206000000,885000000,-15000000,721000000,1729000000,169.58,175.65,163.51,0.2616,0.0868,71.67,2.42,9.81,45.8,0.2431,0.7897,0.3474,0.5125,0.17,1.18,0.6519,FPL,2018-09-30
,532140998,532140998,1,16847000000,7028000000,7734000000,2704000000,9130000000,-17000000,0,4382000000,3485000000,2767000000,544000000,544000000,1.02,1,0.19,489000000,-176000000,-287000000,3000000,2860000000,157000000,74.28,78.38,70.19,0.133,0.0715,17.16,4.47,44.75,58.37,0.311,0.3817,0.5419,0.109,0.66,0.62,2.5991,BAX,2018-09-30
,4594319,4594319,1,14141194,13244069,1272664,1250634,12868530,0,0,0,0,3414002,1316524,1316524,0.29,0.29,0,1192117,-4322786,0,-3130669,725420,25948,17.93,19.8,16.05,0.3964,0.3491,2.8,7.14,18.11,9.38,1.4404,0,0.91,0.3388,1.03,0.25,10.5899,UG,2018-09-30
,436084995,436084995,1,23366229000,8729981000,18356576000,6298240000,5009653000,0,0,0,8336586000,3999374000,402835000,402835000,0.92,0.89,0,-690411000,-168694000,29237000,-835430000,3078564000,47064000,365.35,419.77,310.93,0.2952,0.0593,11.49,35.37,166.83,0,0,1.6641,0.2144,0.0848,0.7,-1.69,1.3861,NFLX,2018-09-30
,967009746,967009746,1,119485000000,13473000000,86097000000,10140000000,31020000000,2368000000,0,6677000000,34519000000,9403000000,234000000,733000000,0.76,0.76,0.35,2806000000,-1763000000,250000000,1293000000,2321000000,1689000000,43.01,45.05,40.97,0.1226,0.0333,32.08,1.36,10.89,26.96,0.3549,1.1128,0.2596,0.1049,0.3,1.16,1.3287,EXC,2018-09-30
,113109441,113109441,1,2580933000,575958000,1439144000,565707000,1141789000,0,0,996501000,338011000,711714000,13352000,13352000,0.12,0.11,0.16,60916000,-144184000,-18494000,-101020000,132383000,16341000,10.29,11.11,9.48,0.0146,0.0061,10.09,1.02,46.77,1.92,4.6079,0.296,0.4424,0.0052,1.18,0.39,1.0181,GCI,2018-09-30
,249505145,249505145,1,11866136000,422484000,6048848000,753867000,5817288000,0,0,1641197000,4160900000,811225000,48539000,47949000,0.19,0.19,0.02,229432000,-180907000,-48583000,-58000,357000,185077000,16.18,18.04,14.32,0.0409,0.0203,23.32,0.7,64.72,2.03,0.0842,0.7153,0.4902,0.082,0.25,0.18,0.5604,RRC,2018-09-30
,156925124,156925124,1,4997000000,1595400000,5442700000,1566600000,-445700000,0,0,2054200000,3242500000,1186200000,79000000,78600000,0.5,0.5,0.16,113400000,-130400000,28500000,11200000,191300000,41200000,41.42,44.36,38.49,,-0.0048,-2.84,,11.67,6.49,,,,,0.71,0.46,1.0184,SEE,2018-09-30
,1910774369,1910774369,1,256606000000,35583000000,101933000000,29183000000,153575000000,1098000000,0,4518000000,29989000000,43987000000,4047000000,4047000000,2.13,2.11,1.12,9569000000,-2227000000,-5276000000,2043000000,10741000000,5778000000,120.97,128.55,113.39,0.094,0.0554,80.37,1.52,19.05,58.52,0.5976,0.1953,0.5985,0.0879,0.63,1.98,1.2193,CVX,2018-09-30
,288873052,288873052,1,19962600000,4822300000,11979600000,3589800000,7929400000,53600000,0,10898800000,6334800000,3747200000,438300000,435400000,1.51,1.48,0.41,664700000,-204500000,-313000000,149400000,203600000,216600000,149.28,159.92,138.65,0.2064,0.0805,27.45,5.49,28.17,14.31,0.296,0.7989,0.3972,0.1099,0.73,1.55,1.3433,ECL,2018-09-30
,254239061,254239061,1,64706000000,,57940000000,,6766000000,0,689000000,2876000000,0,720000000,285000000,261000000,1.01,1,0,747000000,197000000,-644000000,300000000,1452000000,29000000,57.82,63.39,52.25,0.1415,0.0142,23.9,2.42,20.65,0,0,0,0.0939,0.3153,0.04,2.82,,ETFC,2018-09-30
,398470777,398470777,1,10748000000,2338000000,8087000000,2320000000,2661000000,0,0,7252000000,4823000000,1412000000,227000000,227000000,0.56,0.55,0,368000000,-93000000,50000000,325000000,673000000,94000000,77.97,82.41,73.54,0.5162,0.1397,6.68,11.08,22.76,0,0,1.8125,0.2476,0.25,0.56,0.69,1.0078,FISV,2018-09-30
,867319919,867319919,1,12571000000,4141000000,12639000000,3747000000,-430000000,362000000,0,4199000000,6519000000,3845000000,523000000,523000000,0.6,0.6,0.42,897000000,-161000000,-722000000,8000000,841000000,105000000,66.66,69.29,64.03,,0.1659,-0.5,,26.66,19.31,0.6821,,,0.1355,1.22,0.91,1.1052,CL,2018-09-30
,134761787,134761787,1,5436527000,2497961000,4664021000,3023161000,753220000,19286000,0,1789561000,741551000,732476000,158857000,158857000,1.18,1.08,0,300898000,3301000,-119777000,183474000,1205182000,22283000,110.12,116.81,103.42,0.1736,0.0232,5.59,23.48,177.61,18.46,0,0.9845,0.1385,0.0427,0.54,2.07,0.8263,CTXS,2018-09-30
,1080659270,1080659270,1,73371000000,4114000000,50568000000,5286000000,22803000000,0,0,19300000000,35749000000,5818000000,272000000,272000000,0.25,0.25,0.54,1787000000,-684000000,-1417000000,-314000000,420000000,684000000,21.13,24.2,18.06,0.0775,0.0241,21.1,0.99,11.67,28.85,1.2957,1.5677,0.3108,0.0781,0.31,1.02,0.7783,CTL,2018-09-30
,371973740,371973740,1,957190000000,,870428000000,,86762000000,0,11203000000,4101000000,242132000000,8646000000,2524000000,2453000000,6.35,6.28,0.8,-5314000000,-4032000000,-3200000000,-12546000000,118871000000,1656000000,231.99,245.08,218.89,0.0735,0.0063,203.13,1.16,18.65,29.03,0.2165,3.2045,0.0789,0.1502,0.04,-18.74,,GS,2018-09-30
,518674276,518674276,1,71385000000,6349000000,51689000000,9489000000,19444000000,252000000,258000000,0,18407000000,4381000000,567000000,564000000,1.09,1.09,0,1483000000,-1722000000,152000000,-87000000,430000000,1695000000,44.63,48.69,40.57,0.0071,0.0022,36.99,1.24,185.96,26.43,0,0.9594,0.2688,0.0081,0.24,-0.41,0.6691,PCG,2018-09-30
,402868891,402868891,1,23783000000,6076000000,16072000000,4054000000,7407000000,304000000,0,11922000000,9515000000,3485000000,394000000,394000000,0.98,0.99,0.2,825000000,-96000000,-101000000,628000000,1557000000,133000000,34.77,37.55,32,0.2478,0.0741,18.39,2,7.02,8.87,0.1874,1.2846,0.3114,0.1328,0.56,1.72,1.4988,VIA,2018-09-30
,209049269,209049269,1,5958200000,2912600000,2596900000,1261100000,3361300000,0,0,1590200000,593600000,906600000,225900000,225900000,1.08,1.06,0,342300000,-254200000,-56700000,34900000,1261300000,82100000,154.76,175,134.53,0.2239,0.123,16.08,10.24,50.58,0,0,0.1766,0.5641,0.1961,0.63,1.24,2.3096,EW,2018-09-30
,166000000,166000000,1,19357789000,8929501000,14264115000,4855104000,3824649000,1269025000,0,6800268000,8440673000,2847330000,-136796000,-136796000,-0.82,-0.82,0,457673000,-237255000,-117430000,100671000,540155000,231682000,70.13,74.72,65.54,0.141,0.032,23.04,2.74,22.99,0,0,2.2069,0.1976,0.053900000000000003,0.59,1.36,1.8392,DVA,2018-09-30
,140357696,140357696,1,116827637000,,101391552000,,15436085000,0,1231500000,4645538000,9140268000,1488332000,526091000,505363000,3.54,3.53,1,1018375000,873742000,-1949600000,-57483000,1311611000,22186000,172.53,180.77,164.28,0.1112,0.0143,101.2,1.73,17.75,44.8,0.2957,0.6435,0.1216,0.276,0.05,7.1,,MTB,2018-09-30
,309304415,309304415,1,31079693000,,26984255000,,3383616000,711822000,42830000,0,23678264000,1409005000,642212000,556267000,1.8,1.8,2,914384000,-190670000,-742243000,-18529000,695718000,251283000,176.49,186.03,166.95,0.6664,0.0846,10.8,16.4,24.28,71.5,1.0536,7.0876,0.1075,0.408,0.18,2.14,,SPG,2018-09-30
,770619748,770619748,1,222885000000,,192878000000,,29948000000,59000000,3053000000,10621000000,23236000000,2926000000,839000000,789000000,1.02,1.01,0.405,1551000000,-1170000000,-281000000,100000000,3153000000,0,50.74,53.08,48.41,0.1095,0.0141,34.9,1.47,14.75,25.17,0.394,0.864,0.1207,0.2545,0.05,2.01,,BBT,2018-09-30
,295116368,295116368,1,15095325000,,7384071000,,7676240000,35014000,0,14861000,6779659000,338081000,98999000,98999000,0.34,0.34,0,212573000,-577466000,335821000,-29072000,15728000,577476000,55.99,59.24,52.74,0.0456,0.0233,26.01,2.17,48.27,33.38,1.0811,0.8832,0.5085,0.2619,0.09,-1.24,,O,2018-09-30
,203599810,203599810,1,8209036000,315335000,3160217000,533746000,4310564000,738255000,0,901197000,2199563000,397126000,125029000,125029000,0.59,0.59,0,239289000,54026000,-305489000,-12174000,42672000,-49926000,16.13,18.37,13.89,0.2304,0.1234,21.17,0.8,4.46,9.41,0.7211,0.5103,0.5251,,,1.42,0.5908,CNX,2018-09-30
,505449710,505449710,1,45073000000,3215000000,30714000000,4485000000,14359000000,0,0,123000000,12909000000,2394000000,412000000,412000000,0.82,0.81,0.45,859000000,-1086000000,222000000,-5000000,106000000,1127000000,52.18,54.35,50.01,0.1555,0.0504,28.41,1.86,12.16,31.28,0.5086,0.899,0.3186,0.2354,0.21,-0.53,0.7168,PEG,2018-09-30
,258642095,258642095,1,74445000000,37108000000,45351000000,24174000000,29094000000,0,0,29569000000,17300000000,23251000000,960000000,960000000,3.7,3.62,0.75,606900000,-687800000,-340600000,-422100000,4260000000,355500000,255.69,276,235.38,0.1637,0.0623,112.49,2.31,15.54,15.47,0.1666,0.5946,0.3908,0.0498,1.25,0.97,1.535,WLP,2018-09-30
,164629890,164629890,1,19026000000,5778000000,11912000000,4686000000,7107000000,7000000,0,11837000000,6162000000,2266000000,240000000,240000000,1.47,1.44,0.33,-506000000,-70000000,693000000,117000000,738000000,67000000,138.25,142.61,133.9,0.1535,0.056,43.17,3.35,22.78,15.17,0.2101,0.867,0.3735,0.1191,0.47,-3.48,1.233,COL,2018-09-30
,280861332,280861332,1,10055080000,,5326202000,,4728878000,0,0,0,0,2649366000,289535000,286385000,1.01,1.01,0.09,467398000,-4840000,-105461000,357097000,759012000,13470000,28.12,31.56,24.67,0.1928,0.0878,16.84,1.76,11.03,2.72,0.12,0,0.4703,0.0854,1.02,1.62,,PHM,2018-09-30
,480450882,480450882,1,10459000000,4076000000,8341000000,1003000000,2118000000,0,0,4657000000,6441000000,1480000000,347000000,347000000,0.72,0.71,0,550000000,-2064000000,1263000000,-272000000,1286000000,74000000,88.46,93.67,83.25,0.5955,0.1281,4.41,21.63,38.8,1.98,0.2004,3.0411,0.2025,0.2035,0.63,0.99,4.0638,ZTS,2018-09-30
,173056234,173056234,1,10026620000,1381286000,5259692000,875514000,4766928000,0,0,0,2903899000,674797000,93944000,93944000,0.54,0.54,0.25,372399000,-242707000,-45779000,46424000,947732000,242707000,32,34.87,29.13,0.0045,0.0021,27.55,1.19,,31.78,8.2638,0.6092,0.4754,0.0085,0.25,0.75,1.5777,MUR,2018-09-30
,1212162586,1212162586,1,32686000000,17384000000,31758000000,11236000000,928000000,0,0,9453000000,15365000000,5804000000,-493000000,-493000000,-0.34,-0.34,0.62,-436000000,1766000000,-25150000000,-23842000000,11777000000,159000000,65.81,76.5,55.12,-0.2712,-0.0871,0.77,4.19,,16.4,,16.5571,0.0284,,0.41,-0.49,1.5472,QCOM,2018-09-30
,736790118,736790118,1,59312000000,4816000000,38667000000,4529000000,20645000000,0,0,0,20943000000,5928000000,1593000000,1593000000,2.16,2.15,0.8,2341000000,-809000000,-1326000000,206000000,1810000000,806000000,151.14,165.63,136.66,0.5207,0.2002,28.02,5.61,10.5,25.1,0.1894,1.0144,0.3481,0.519,0.39,2.08,1.0634,UNP,2018-09-30
,25045028,25045028,1,2557664000,971499000,2026049000,697469000,531615000,0,0,758766000,988894000,734846000,126653000,126653000,5.04,4.93,0,149674000,-44084000,-146048000,-45742000,137448000,31800000,589.47,626.07,552.87,0.7521,0.1605,21.23,27.91,39.8,0,0,1.8602,0.2079,0.141,1.14,4.71,1.3929,MTD,2018-09-30
,142499749,142499749,1,3067538000,1088243000,1167282000,421108000,1900256000,0,0,1434223000,517637000,588279000,105737000,105737000,0.74,0.73,0.37,48119000,-148189000,144824000,41487000,230188000,15605000,109.55,116.54,102.56,0.1666,0.1013,13.34,7.59,50.02,7.09,0.6046,0.2724,0.6195,0.1394,0.73,0.23,2.5842,RMD,2018-09-30
,198206807,198206807,1,30470300000,2812300000,16380300000,4422600000,13864100000,225900000,0,22329400000,8970300000,3625100000,338300000,338300000,1.57,1.56,0.41,493600000,-136300000,-398700000,-42800000,750100000,136800000,66.14,71.04,61.23,0.122,0.0543,69.95,0.97,9,19.76,0.1969,0.647,0.455,0.1335,0.41,1.8,0.6359,TAP,2018-09-30
,504280902,504280902,1,41145000000,4471000000,29908000000,5117000000,8701000000,2536000000,0,5638000000,15755000000,3697000000,363000000,359000000,0.72,0.72,0.25,1647000000,-1603000000,-480000000,-439000000,1993000000,1614000000,68.63,76.7,60.55,0.1595,0.036,17.25,3.95,83.7,8.01,0.2772,1.8107,0.2115,0.1139,0.31,0.07,0.8738,APC,2018-09-30
,296253136,296253136,1,21467000000,4501000000,10421000000,1958000000,9650000000,1396000000,1000000,360000000,6867000000,1828000000,-42000000,-53000000,-0.18,-0.18,0.25,423000000,5000000,-332000000,96000000,3004000000,-34000000,67.23,74.08,60.39,-0.2908,-0.1341,32.57,2.02,,11.65,,0.7117,0.4495,,0.27,1.54,2.2988,HES,2018-09-30
,1384801810,1384801810,1,70046000000,16483000000,33098000000,14600000000,36533000000,415000000,0,34064000000,14159000000,8504000000,644000000,644000000,0.46,0.46,0.5,1827000000,-895000000,-900000000,32000000,1493000000,565000000,64.43,69.61,59.25,-0.0179,-0.0093,26.38,2.44,,23.16,,0.3876,0.5216,,0.46,0.91,1.129,SLB,2018-09-30
,552963481,552963481,1,4871359000,2152671000,978092000,656362000,3893267000,0,0,2373891000,0,1016160000,-2383000,-2383000,0,0,0,320060000,-272030000,10355000,54027000,713714000,14824000,59.69,62.64,56.73,0.2278,0.1836,7.04,9.15,49.33,0,0,0,0.7992,0.2355,0.78,0.55,3.2797,MNST,2018-09-30
,884648470,884648470,1,504860000000,,445683000000,,58586000000,591000000,0,0,34594000000,11486000000,-1259000000,-1259000000,-1.41,-1.41,0.32,302000000,553000000,-90000000,743000000,3123000000,0,53.8,56.36,51.23,-0.0976,-0.0121,66.23,0.78,,99.53,,0.5905,0.116,,0.09,0.34,,AIG,2018-09-30
,113837767,113837767,1,11418987000,,4977826000,,6207407000,233754000,9000,0,4504023000,397108000,52791000,51869000,0.46,0.46,0.9225,237051000,-66396000,-152058000,18597000,79400000,65646000,100.97,104.98,96.95,0.0444,0.0246,54.53,1.84,33.43,59.26,1.4709,0.7256,0.5436,0.1808,0.14,1.51,,MAA,2018-09-30
,56320463,56320463,1,5932183000,3583344000,3832129000,1467332000,1937703000,162351000,0,909339000,2148399000,2831429000,104377000,103494000,1.84,1.82,1.36,348165000,-31424000,-106071000,204389000,516850000,33535000,332.49,372.06,292.92,0.3939,0.123,34.4,9.85,24.36,47.26,0.4128,1.1087,0.3266,0.0647,1.88,5.59,2.4421,GWW,2018-09-30
,344160500,344160500,1,38044000000,10010000000,41774000000,6231000000,-5605000000,1875000000,0,7759000000,32916000000,11451000000,759000000,759000000,2.2,2.15,0.35,1721000000,-1300000000,-706000000,-290000000,578000000,846000000,120.34,139.37,101.3,,0.0854,-16.29,,15.16,7.55,0.1138,,,0.0696,1.23,2.54,1.6065,HCA,2018-09-30
,162866026,162866026,1,5363887000,2429789000,2208357000,1195938000,3155530000,0,0,1665508000,864679000,669628000,107583000,107583000,0.65,0.64,0,310481000,-148647000,-433534000,-271768000,706571000,86698000,75.31,81.24,69.38,0.0672,0.0441,19.38,3.7,73.12,0,0,0.274,0.5883,0.0839,0.53,1.37,2.0317,AKAM,2018-09-30
,18748292,18748292,1,309938000,204143000,119874000,115557000,190064000,0,0,40006000,0,148176000,12789000,12789000,0.68,0.67,0,25795000,-3504000,-5498000,16793000,90133000,3504000,57.05,60.95,53.15,0.2451,0.1503,10.14,5.92,28.1,0,0,0,0.6132,0.0739,2.03,1.19,1.7666,CRVL,2018-09-30
,211933493,211933493,1,37669838000,25894372000,34619877000,27869687000,2932824000,117137000,0,9693074000,4510828000,43297136000,233288000,233288000,1.08,1.08,0.38,665345000,-85242000,-476515000,103588000,2492516000,88052000,84.9,92.51,77.28,0.5486,0.044,13.84,5.93,17.43,9.84,0.1988,1.538,0.0779,0.0099,4.46,2.72,0.9291,ABC,2018-09-30
,238282707,238282707,1,15353000000,4970000000,9917000000,2736000000,5188000000,248000000,0,4131000000,4815000000,2352000000,89000000,89000000,0.34,0.34,0.25,274000000,-23000000,-359000000,-109000000,1218000000,23000000,26.24,28.77,23.71,0.0109,0.0037,21.77,1.24,50.46,36.9,4.3221,0.9281,0.3379,0.0058,0.64,1.05,1.8165,XRX,2018-09-30
,515631491,515631491,1,33455600000,6541700000,21389400000,5182000000,12066200000,0,0,24035600000,13291400000,2862400000,176700000,176700000,0.34,0.34,0,653600000,-302100000,-224800000,118900000,503100000,61500000,37.32,39.59,35.05,0.043,0.0158,23.4,1.58,42.9,1.67,0,1.1015,0.3607,0.0471,0.34,1.15,1.2624,MYL,2018-09-30
,101697441,101697441,1,9409100000,615900000,4318300000,465900000,4771800000,319000000,5900000,0,2680700000,699000000,173600000,173500000,1.71,1.7,0.36,280000000,-140800000,-93200000,46000000,107100000,128000000,112.16,120.34,103.98,0.219,0.1101,46.86,2.45,11.91,101.46,0.1448,0.5625,0.5065,0.3797,0.29,1.49,1.322,KSU,2018-09-30
,246232714,246232714,1,5967300000,960300000,3613900000,1027400000,2353400000,0,0,4287100000,1803500000,1037600000,146300000,146300000,0.6,0.58,0.22,245300000,-11100000,-134600000,99000000,188300000,10800000,56.55,60.39,52.7,0.3722,0.1396,9.56,6.25,17.51,5.84,0.2506,0.7663,0.3944,0.2026,0.69,0.95,0.9347,CHD,2018-09-30
,130417754,130417754,1,3549100000,1667000000,2383100000,784900000,1165500000,500000,0,1028700000,1353200000,1175500000,90000000,90000000,0.67,0.67,0.38,126500000,-67900000,-131900000,-82900000,363500000,41400000,44.45,46.7,42.19,0.2472,0.0801,8.94,5.13,21.47,18.98,0.6704,1.161,0.3284,0.0639,1.25,0.65,2.1238,LEG,2018-09-30
,105549000,105549000,1,24033000000,1282000000,22090000000,2617000000,1943000000,0,0,8250000000,16402000000,2126000000,-426000000,-426000000,-4.11,-4.11,0,286000000,-315000000,-117000000,-146000000,288000000,329000000,5.68,6.84,4.52,-0.7153,-0.0591,18.41,0.25,,170.1,,8.4416,0.0808,,0.35,-0.41,0.4899,CZN,2018-09-30
,102498300,102498300,1,22265000000,4492000000,20163000000,4224000000,-108000000,2210000000,0,8403000000,14850000000,4489000000,-9000000,-9000000,-0.09,-0.09,0,338000000,-105000000,-136000000,97000000,500000000,134000000,33.48,39.74,27.21,,0.0084,-1.05,,,0,,,,,0.82,1.99,1.0634,THC,2018-09-30
,569583956,569583956,1,87242000000,61295000000,70388000000,61065000000,16832000000,22000000,0,23379000000,6488000000,1463000000,458000000,458000000,0.8,0.79,0.24,499000000,-799000000,282000000,-18000000,1662000000,53000000,75.27,78.48,72.06,0.1558,0.0318,29.55,2.57,17.59,3.43,0.2014,0.3855,0.1929,0.4356,0.07,0.78,1.0038,ICE,2018-09-30
,42402912,42402912,1,251377000,139053000,75959000,24173000,175418000,0,0,77750000,44930000,53100000,5434000,5434000,0.13,0.13,0.13,11201000,-861000,-8531000,1833000,59763000,861000,15.27,16.45,14.1,0.1367,0.0943,4.14,3.7,27.27,10.05,0.897,0.2561,0.6978,0.1117,0.84,0.24,5.7524,VIVO,2018-09-30
,85528403,85528403,1,7876328000,1713068000,3334038000,969907000,3881921000,660369000,0,5657813000,1970810000,758427000,72803000,72803000,0.82,0.82,0.34,289568000,-6926000,-255233000,22912000,640056000,11841000,32.5,35.45,29.54,0.0775,0.0371,45.39,0.73,10.12,11.74,0.3555,0.5077,0.4929,0.0964,0.39,3.25,1.7662,LM,2018-09-30
,584845051,584845051,1,16288000000,4469000000,5858000000,3545000000,9261000000,1169000000,0,7760000000,1186000000,12000000,101000000,101000000,0.17,0.17,0.1,113000000,-121000000,-124000000,-148000000,1886000000,128000000,14.42,16.15,12.7,-0.1515,-0.0981,15.83,0.9,,0.7,,0.1281,0.5686,,0.46,-0.03,1.2606,NWS,2018-09-30
,118200000,118200000,1,2136000000,1284000000,1576000000,725000000,560000000,0,0,413000000,506000000,11000000,18000000,18000000,0.15,0.15,0,-33000000,-35000000,-45000000,-115000000,768000000,34000000,40.32,43.41,37.23,-0.0966,-0.0255,4.74,8.4,,0,,0.9036,0.2622,,0.5,-0.57,1.771,TDC,2018-09-30
,73863142,73863142,1,6285664000,,3710777000,,2311771000,263116000,159997000,0,3256634000,229753000,62558000,60548000,0.82,0.82,1,101605000,-33078000,-82688000,-14161000,94801000,16978000,125.86,131.72,120,0.1088,0.0379,29.13,4.39,33.21,59.76,1.2772,1.5135,0.3423,0.2544,0.14,1.15,,FRT,2018-09-30
,318202654,318202654,1,11585336000,4593060000,6687920000,1735680000,4840460000,56956000,0,5428638000,4404369000,3122378000,134102000,134102000,0.42,0.42,0,192498000,-122299000,-75029000,-3856000,341346000,56342000,33.67,36.1,31.25,0.1251,0.053900000000000003,15.21,2.27,18.92,0,0,0.9099,0.4178,0.0501,1.08,0.43,2.6463,LKQ,2018-09-30
,1032794381,1032794381,1,23340000000,15064000000,17473000000,9709000000,5775000000,92000000,0,3973000000,5858000000,3898000000,1899000000,1899000000,1.83,1.82,0.25,2367000000,-231000000,-1417000000,710000000,8478000000,130000000,209.56,224.36,194.75,0.9345,0.2303,5.59,41.42,47.09,4.24,0.2008,1.0144,0.2474,0.3588,0.64,2.17,1.5516,MA,2018-09-30
,483242370,483242370,1,18327000000,6132000000,12952000000,3014000000,5361000000,14000000,55000000,5471000000,6315000000,3524000000,161000000,160000000,0.33,0.32,0.06,51000000,65000000,-32000000,82000000,1542000000,207000000,19.88,23.13,16.64,-0.0594,-0.0165,10.98,1.86,,33.24,,1.1902,0.2895,,0.75,-0.32,2.0345,AA,2018-09-30
,2600376500,2600376500,1,85130000000,26836000000,52474000000,18586000000,32422000000,234000000,0,30433000000,23600000000,10794000000,1950000000,1950000000,0.73,0.73,0.48,2793000000,1660000000,-1905000000,2516000000,7828000000,643000000,65.75,71.58,59.92,0.1007,0.0389,12.47,5.38,131.5,37.94,1.5273,0.7279,0.3809,0.0802,0.49,0.83,1.4439,MRK,2018-09-30
,244295792,244295792,1,26959000000,1640000000,19161000000,2580000000,7656000000,142000000,142000000,411000000,7614000000,1724000000,359000000,357000000,1.46,1.45,0.4575,866000000,-590000000,-280000000,-4000000,92000000,591000000,62.63,66.11,59.15,0.0961,0.0262,30.76,2.11,24.75,43.98,0.6499,1.0133,0.2787,0.1095,0.24,1.13,0.6357,AEE,2018-09-30
,379535689,379535689,1,234007000000,,209454000000,,24553000000,0,11070000000,7477000000,0,2951000000,765000000,709000000,1.89,1.87,0.47,5422000000,13163000000,-18326000000,259000000,4145000000,151000000,89.06,95.68,82.43,0.1804,0.0104,35.52,2.51,14.7,16.7,0.2728,0,0.0576,0.1981,0.05,13.89,,STT,2018-09-30
,42935942,42935942,1,10710100000,957600000,12071000000,1374700000,-1360900000,0,0,4177100000,10207800000,1420600000,41300000,41300000,0.97,0.97,0,216500000,-205000000,-19500000,-8000000,37300000,196900000,4.32,5.61,3.03,,-0.1843,-31.7,,,435.75,,,,,0.89,0.46,0.6966,WIN,2018-09-30
,859226168,859226168,1,46689000000,13991000000,43563000000,12222000000,3098000000,28000000,0,0,23301000000,17444000000,1508000000,1508000000,1.74,1.73,0.91,2222000000,-1679000000,-653000000,-116000000,4375000000,1631000000,115.02,125.09,104.94,,0.1197,3.61,42.44,19.27,35.85,0.563,7.5213,0.0664,0.0768,1.56,0.69,1.1447,UPS,2018-09-30
,305498347,305498347,1,5610000000,2990000000,5403000000,1753000000,36000000,171000000,0,1308000000,2971000000,2101000000,180000000,179000000,0.59,0.58,0.105,361000000,-57000000,-119000000,185000000,569000000,55000000,38.39,40.4,36.39,,0.1125,0.12,,20.31,15.5,0.2063,82.5278,0.0064,0.0759,1.47,1,1.7056,MAS,2018-09-30
,685618701,685618701,1,55003000000,6726000000,41299000000,18158000000,13704000000,0,0,14629000000,8115000000,11953000000,1312000000,1312000000,1.91,1.91,0.35,1500000000,-909000000,-1203000000,-612000000,2648000000,1934000000,54.38,60.23,48.52,0.2607,0.0634,19.99,2.92,11.62,4.53,0.2579,0.5922,0.2492,0.0787,0.81,-0.63,0.3704,DAL,2018-09-30
,182441467,182441467,1,7473044000,1199917000,4832862000,467171000,2640182000,0,0,4113669000,3874815000,1015371000,155960000,155898000,0.85,0.85,0.13,281915000,-53822000,-203011000,25586000,486626000,52271000,92.2,100.39,84.01,0.2789,0.0948,14.47,6.73,25.97,8.35,0.147,1.4676,0.3533,0.1591,0.59,1.26,2.5685,TSS,2018-09-30
,1411403633,1411403633,1,225711000000,74848000000,184803000000,84116000000,38061000000,2847000000,0,5651000000,71475000000,35791000000,2534000000,2503000000,1.77,1.75,0.38,3673000000,-4535000000,3957000000,3087000000,20858000000,2211000000,36.89,40.5,33.28,0.0208,0.0037,26.97,1.44,,6.76,2.8738,1.8779,0.1686,0.0052,0.65,1.04,0.8898,GM,2018-09-30
,177268638,177268638,1,10569000000,5068000000,6627000000,3136000000,3941000000,1000000,0,160000000,2498000000,3351000000,291000000,291000000,1.64,1.62,0.05,429000000,-256000000,-57000000,113000000,1385000000,256000000,33.39,38.89,27.89,0.1907,0.0673,22.23,1.64,11.06,5.68,0.0518,0.6338,0.3729,0.0515,1.31,0.98,1.6161,X,2018-09-30
,127068684,127068684,1,8131400000,1345300000,3042600000,453300000,5088800000,0,0,0,2309600000,192900000,-144100000,-144100000,-1.13,-1.13,0,-66500000,-33300000,-500000,-100300000,1032400000,33900000,15.66,19.3,12.03,-0.0421,-0.0267,40.05,0.38,,2.8,,0.4539,0.6258,,0.11,-0.79,2.9678,RDC,2018-09-30
,137666382,137666382,1,2192000000,926000000,750000000,453000000,1442000000,0,0,889000000,0,458000000,69000000,69000000,0.5,0.49,0,14000000,-13000000,-1000000,-3000000,663000000,14000000,55.28,62.36,48.2,0.0159,0.0098,10.47,5.65,,0,0,0,0.6578,0.0138,0.71,0,2.0442,TRIP,2018-09-30
,11964966,11964966,1,174447000,151932000,62806000,62806000,111641000,0,0,0,0,139239000,13781000,13781000,1.15,1.14,0.48,6947000,-107000,-5607000,1233000,82307000,1152000,207.55,260.98,154.12,0.4345,0.3019,9.33,24.11,62.52,4.2,0.4858,0,0.64,0.1095,2.76,0.48,2.4191,MED,2018-09-30
,712877558,712877558,1,143165000000,9520000000,100152000000,13922000000,42995000000,18000000,0,19303000000,50507000000,2090000000,1082000000,1082000000,1.51,1.51,0.9275,2365000000,-2625000000,282000000,22000000,449000000,2334000000,80.84,83.77,77.9,0.0687,0.0208,60.31,1.35,20.47,78.89,0.8751,1.1747,0.3003,0.1476,0.14,0.04,0.6838,DUK,2018-09-30
,449285214,449285214,1,211276000000,,187137000000,,24038000000,101000000,2025000000,8471000000,14289000000,2294000000,752000000,726000000,1.58,1.56,0.5,101000000,-2915000000,3171000000,357000000,7605000000,61000000,70.45,75.08,65.82,0.1235,0.0138,49,1.46,13.14,30.05,0.2848,0.6491,0.1042,0.3012,0.04,0.09,,STI,2018-09-30
,844420361,844420361,1,36861000000,2784000000,23126000000,1944000000,13719000000,16000000,0,0,13754000000,3129000000,894000000,894000000,1.05,1.05,0.22,1397000000,-832000000,-1222000000,-657000000,663000000,301000000,69.73,76.24,63.23,0.4651,0.1798,16.25,4.28,10.08,7.89,0.1127,1.0026,0.3722,0.5519,0.33,1.3,1.4321,CSX,2018-09-30
,129938567,129938567,1,33041000000,16756000000,22851000000,15555000000,10049000000,141000000,0,13886000000,4498000000,1859000000,44000000,44000000,0.34,0.33,0.6,321000000,-87000000,-207000000,20000000,931000000,84000000,151.5,163.28,139.72,0.0547,0.0168,77.34,1.94,43.79,39.58,0.5438,0.4476,0.3041,0.0684,0.25,1.82,1.0772,WLTW,2018-09-30
,368440623,368440623,1,20542150000,,9693820000,,10235424000,612906000,37280000,167359000,8823793000,652867000,214937000,214164000,0.58,0.58,0.54,358737000,-184644000,-174220000,-127000,88750000,181273000,65.61,68.58,62.64,0.0649,0.0325,27.68,2.38,41.26,50.18,1.1781,0.8652,0.4964,0.2592,0.12,0.48,,EQR,2018-09-30
,173619710,173619710,1,37943000000,10132000000,28840000000,8039000000,9103000000,0,0,20102000000,13889000000,8085000000,1144000000,1144000000,6.57,6.54,0,812000000,-261000000,-862000000,-311000000,1228000000,282000000,306.18,325.28,287.09,0.3431,0.0758,52.43,6.48,23.86,39.1,0.1331,1.5258,0.2399,0.0962,0.79,3.05,1.2604,NOC,2018-09-30
,54473522,54473522,1,29763000000,23955800000,27471800000,9959400000,2291200000,0,0,4460500000,5677300000,1947200000,296400000,296500000,5.41,5.39,0.57,703600000,-624500000,363000000,443100000,3970300000,50800000,233.17,250.27,216.06,0.4595,0.032,42.06,6.05,14.62,4.31,0.1293,2.4779,0.077,0.1211,0.26,11.98,2.4053,ADS,2018-09-30
,289930024,289930024,1,11450000000,4285000000,12367000000,2723000000,-936000000,19000000,0,1141000000,6658000000,3061000000,-72000000,-72000000,-0.24,-0.24,0.03,558000000,1087000000,-1089000000,557000000,1417000000,-316000000,33.66,37.42,29.9,,-0.0617,-3.23,,,2.03,,,,,0.52,3.01,1.5736,NRG,2018-09-30
,105592774,105592774,1,49262400000,,42942100000,,6320300000,0,325000000,369900000,8674200000,610200000,131500000,131500000,1.17,1.15,0.25,191000000,-1435300000,-864400000,-2108500000,1367500000,166000000,52.81,55.48,50.14,0.0397,0.0053,56.78,0.96,20.87,7.17,0.372,1.4468,0.1217,0.0784,0.07,0.24,,CIT,2018-09-30
,153075310,153075310,1,5645109000,4521044000,4077740000,1310930000,1567369000,0,0,385557000,2237890000,1093260000,395944000,395944000,2.55,2.54,0.75,381405000,314871000,-449692000,245132000,1649514000,22330000,110.99,122.4,99.58,0.6344,0.1648,10.24,10.69,21.81,34.67,0.4538,1.4278,0.2777,0.2205,0.75,2.35,3.4487,KLAC,2018-09-30
,435661454,435661454,1,25691183000,,22850848000,,2840335000,0,400000000,0,0,270982000,103878000,103878000,0.23,0.23,0,-12906000,-1626279000,1435449000,-203736000,1954712000,0,11.6,12.16,11.04,0.1664,0.0163,5.6,2.17,14.68,23.14,0,0,0.095,0.3005,0.05,-0.03,,SLM,2018-09-30
,92977072,92977072,1,3925818000,451891000,3356150000,678028000,569668000,0,0,2283279000,2561007000,466947000,-31327000,1857000,0.04,0.04,0.95,65942000,-12172000,-51974000,1796000,6878000,11464000,41.4,43.79,39.01,0.1951,0.0471,6.13,5.48,30.44,61.38,2.4656,4.4956,0.1451,0.0508,0.7,0.59,0.6665,APU,2018-09-30
,579903041,579903041,1,33637736000,4817092000,15099266000,4425147000,18538470000,0,0,0,5171949000,4781624000,1190952000,1190952000,2.06,2.05,0.22,2189597000,-1788650000,-134717000,265917000,1274132000,1645866000,122.65,131.6,113.7,0.2869,0.157,31.97,4.07,18.39,5.82,0.0888,0.279,0.5511,0.309,0.51,0.94,1.0886,EOG,2018-09-30
,90893218,90893218,1,5944817000,1535340000,5003269000,2343596000,941548000,0,0,3996585000,2077466000,921674000,11753000,11753000,0.13,0.13,0,249264000,73807000,-266303000,53336000,213292000,24505000,144.61,161.21,128,0.1521,0.0222,10.36,14.25,164.33,1.19,0,2.2064,0.1584,0.0374,0.59,2.47,0.6551,IT,2018-09-30
,108738518,108738518,1,12377491000,2336320000,10837208000,2047405000,1804993000,-264710000,0,223382000,8695335000,1709072000,156115000,156115000,1.44,1.44,0.75,444587000,-180475000,234528000,504027000,1953000000,311357000,147.19,167.59,126.78,0.463,0.0488,16.6,9.33,29.5,61.75,0.4486,4.8174,0.1458,0.0892,0.55,1.23,1.1411,WYNN,2018-09-30
,418222273,418222273,1,13103000000,4362000000,5201000000,1710000000,7902000000,0,0,7771000000,2506000000,895000000,129000000,129000000,0.31,0.31,0.255,-11000000,-13000000,-359000000,-397000000,2932000000,12000000,39.86,44.25,35.48,0.0597,0.0313,18.89,2.12,35.91,8.73,1.0412,0.3171,0.6031,0.102,0.31,-0.05,2.5509,CA,2018-09-30
,655083378,655083378,1,79082000000,5702000000,58656000000,9212000000,18470000000,1956000000,0,6410000000,32188000000,3451000000,854000000,854000000,1.31,1.3,0.835,1286000000,-1133000000,-120000000,33000000,387000000,936000000,69.92,72.55,67.3,0.1761,0.0401,28.19,2.53,15.43,41.95,0.677,1.7427,0.2336,0.2377,0.17,0.53,0.619,D,2018-09-30
,200339967,200339967,1,5676000000,757000000,3805000000,1051000000,1871000000,0,0,0,2436000000,711000000,224000000,224000000,1.12,1.11,0,349000000,-365000000,-12000000,-28000000,311000000,365000000,28.36,31.46,25.26,0.3263,0.0988,9.34,3.45,14.69,0,0,1.302,0.3296,0.2114,0.47,-0.08,0.7203,NFX,2018-09-30
,718731714,718731714,1,104545000000,,90549000000,,13996000000,0,0,2129000000,23741000000,4269000000,671000000,671000000,0.91,0.91,0.21,2685000000,-10477000000,4173000000,-3619000000,12271000000,0,31.82,35.01,28.64,0.1677,0.0242,19.47,1.63,10.79,1.33,0.2045,1.6963,0.1339,0.1498,0.16,3.74,,SYF,2018-09-30
,2005311384,2005311384,1,69225000000,18216000000,35219000000,11305000000,34006000000,0,5470000000,42752000000,16630000000,5434000000,2845000000,2845000000,1.24,1.58,0.21,3494000000,-1779000000,-2046000000,-343000000,8162000000,195000000,140.89,150.64,131.15,0.3648,0.1506,14.23,10.23,38.81,3.44,0.1623,0.5828,0.4122,0.4998,0.3,1.65,1.6113,V,2018-09-30
,331801491,331801491,1,15319000000,5940000000,11773000000,3663000000,3542000000,4000000,0,5785000000,6054000000,3613000000,638000000,638000000,1.91,1.9,0.78,844000000,-93000000,-761000000,-39000000,1589000000,95000000,141.81,149.16,134.45,0.4679,0.1179,10.68,12.56,25.78,25.05,0.5591,1.7092,0.2312,0.1269,0.93,2.26,1.6216,ITW,2018-09-30
,340827900,340827900,1,70364100000,41514800000,47068400000,38154100000,23295700000,0,0,9837400000,3419600000,904200000,411800000,411800000,1.21,1.21,0.7,582600000,-31200000,-257500000,293900000,3029700000,31300000,167.84,177.35,158.34,0.1972,0.0633,68.35,2.47,12.96,35.79,0.472,0.1468,0.3311,1.1367,0.06,1.62,1.0881,CME,2018-09-30
,315526051,315526051,1,32562400000,1839700000,22719700000,3602500000,9805700000,37000000,30400000,3052800000,9143200000,1643700000,233200000,233200000,0.74,0.74,0.5525,494800000,-723200000,216600000,-11800000,40200000,575000000,66.35,69.52,63.19,0.1333,0.0402,30.98,2.15,16.59,22.23,0.5339,0.9353,0.3002,0.1681,0.24,-0.25,0.5107,WEC,2018-09-30
,345150787,345150787,1,5481845000,2535136000,4815435000,1494003000,666410000,0,0,1988821000,2849922000,1437451000,6278000,6278000,0.02,0.02,0,-174843000,-29457000,187312000,-19456000,209150000,32841000,16.19,17.73,14.65,-0.9267,-0.1499,1.93,8.39,,16.02,,4.2765,0.1216,,0.83,-0.6,1.6969,MAT,2018-09-30
,469918837,469918837,1,13083958000,,7443583000,,5071168000,569207000,0,305805000,6705759000,456022000,99371000,98946000,0.21,0.21,0.37,193244000,325766000,-532419000,-13188000,108741000,62028000,26.26,27.43,25.09,0.0327,0.0125,10.79,2.4,202,43.91,4.1037,1.3223,0.3876,0.0917,0.14,0.28,,HCP,2018-09-30
,650058775,650058775,1,2063457000000,,2057898000000,,5559000000,0,0,0,0,4082000000,2706000000,147000000,0.05,0.05,0,-599000000,13992000000,-13107000000,286000000,7038000000,0,1.66,1.96,1.35,,0.0026,8.55,0.24,,0.75,0,0,0.0027,0.0596,0.01,-0.92,,FRE,2018-09-30
,157712287,157712287,1,174862000000,,141789000000,,32415000000,658000000,0,31380000000,4991000000,3576000000,1216000000,1216000000,7.59,7.54,3.13,1265000000,-558000000,-820000000,-144000000,6597000000,45000000,489.5,513,466.01,0.1771,0.0282,205.53,2.43,14.81,76.05,0.3197,0.154,0.1854,0.3992,0.07,7.74,,BLK,2018-09-30
,120888417,120888417,1,1884628000,1235982000,3285729000,913636000,-1401101000,0,0,52527000,1784417000,305777000,137680000,137680000,1.13,1.13,0,187461000,-38697000,-173181000,-24812000,240892000,10928000,150.41,164.19,136.63,,0.2087,-11.59,,38.77,5.75,0,,,0.4182,0.5,1.46,1.3528,VRSN,2018-09-30
,85270726,85270726,1,13455004000,,6418801000,,6214658000,821545000,221932000,21737000,3991664000,307545000,91947000,88209000,1.03,1.03,0.8125,71333000,232168000,-424889000,-121388000,258592000,97719000,100.8,106.53,95.06,0.0531,0.0247,70.28,1.46,33.6,39.27,0.874,0.6661,0.4454,0.2528,0.09,-0.31,,SLG,2018-09-30
,513094888,513094888,1,14383500000,,3132000000,,9899200000,1352300000,0,2333400000,695900000,1527200000,502500000,504400000,0.96,0.97,0.23,721200000,-17600000,-445000000,256400000,6910600000,35000000,32.4,34.85,29.95,0.0718,0.0466,19.29,1.73,26.13,13.57,2.8267,0.0703,0.6882,0.1182,0.38,1.34,,BEN,2018-09-30
,246794399,246794399,1,9401091000,660775000,4709424000,315819000,4287966000,403701000,0,0,3902976000,279408000,-81591000,-81591000,-0.33,-0.33,0,-10578000,-73075000,-844000,-84497000,326995000,73075000,6.14,7.28,5.01,-0.1854,-0.088,17.37,0.35,,10.51,,0.9102,0.4561,,0.11,-0.34,2.0923,NE,2018-09-30
,383366548,383366548,1,19893000000,7221000000,5917000000,2276000000,13906000000,70000000,0,9411000000,2706000000,2154000000,1000000,1000000,0,0,0.05,190000000,-32000000,8000000,156000000,1293000000,71000000,45.53,49.08,41.98,-0.0041,-0.0029,36.27,1.25,,7.8,,0.1946,0.699,,0.4,0.31,3.1727,NOV,2018-09-30
,62053935,62053935,1,43443100000,,38203400000,,5219400000,20300000,2900000,0,2000000000,2270300000,53000000,53000000,0.76,0.76,0.56,282300000,-389600000,145900000,30600000,1306600000,20800000,105.79,111.43,100.15,0.1108,0.0108,84.06,1.25,13.58,13.88,0.2412,0.3834,0.1201,0.072,0.2,4.21,,AIZ,2018-09-30
,21364053,21364053,1,105505000,86365000,34859000,26760000,70646000,0,0,4779000,0,14876000,22558000,22558000,1.11,1.1,0,30481000,-245000,-87000,29419000,56334000,165000,6.17,7.5,4.84,0.1329,0.0809,3.31,2.73,,0,0,0,0.6696,0.1355,0.6,1.42,3.2274,AMSC,2018-09-30
,80104348,80104348,1,7894714000,3560031000,7396335000,3905081000,498379000,0,0,789178000,3174327000,2482717000,366151000,366151000,4.54,4.5,0,466786000,-126219000,-337416000,3151000,40019000,125927000,311.31,351.65,270.97,,0.1717,6.22,65.13,21.22,0,0,6.3693,0.0631,0.1409,1.22,4.26,0.9116,ORLY,2018-09-30
,460805372,460805372,1,167684000000,,116750000000,,50934000000,0,0,21471000000,12149000000,8750000000,1231000000,1231000000,2.66,2.64,0.73,1700000000,-867000000,-775000000,56000000,1157000000,0,133.76,141.22,126.3,0.1006,0.0306,110.53,1.22,16.43,29.55,0.2597,0.2385,0.3037,0.1553,0.2,3.69,,ACE,2018-09-30
,1210542031,1210542031,1,47153000000,1984000000,30194000000,2761000000,15610000000,1349000000,35000000,8324000000,21409000000,2303000000,129000000,129000000,0.13,0.13,0.34,746000000,-1314000000,335000000,-233000000,42000000,774000000,29.37,32.22,26.51,0.191,0.045,12.87,2.6,12.19,24.74,0.5814,1.3746,0.3303,0.2414,0.19,-0.02,0.7186,WMB,2018-09-30
,770910250,770910250,1,34053700000,5553100000,40846300000,3626700000,-6792600000,0,0,2345000000,31895200000,5369400000,1637300000,1637300000,2.12,2.1,2.17,2471100000,-721300000,-768000000,951000000,2574500000,692500000,160.48,167.83,153.13,,0.1551,-8.81,,23.57,38.55,0.624,,,0.3201,0.48,2.31,1.5312,MCD,2018-09-30
,324570560,324570560,1,21402100000,1492100000,13478300000,2675300000,7921600000,2200000,0,11488100000,8247500000,3035500000,263400000,263400000,0.81,0.81,0.375,555900000,-325700000,-226000000,4200000,136900000,553200000,71.85,75.82,67.88,0.1771,0.066,24.41,2.98,17.57,12.5,0.3306,1.0411,0.3701,0.141,0.47,0.01,0.5577,RSG,2018-09-30
,268257940,268257940,1,53904000000,7411000000,32910000000,7216000000,20994000000,0,2000000,40041000000,18894000000,4403000000,-135000000,-173000000,-0.64,-0.64,0.75,1306000000,-531000000,-1007000000,-244000000,1140000000,307000000,249.9,264.47,235.33,0.0075,0.0057,78.25,3.13,109.13,28.69,5.0437,0.9001,0.3894,0.0099,0.29,3.72,1.027,BDX,2018-09-30
,224344760,224344760,1,10521662000,2275599000,10741121000,2021468000,-219459000,0,0,7680884000,8228612000,745466000,-173205000,-173205000,-0.77,-0.77,0,-22140000,-4694000,-22015000,-48447000,1430908000,14584000,13.43,17.46,9.4,,-0.1008,-0.98,,,0,,,,,0.27,-0.16,1.1257,ENDP,2018-09-30
,90690129,90690129,1,8361000000,,7241000000,,1108000000,12000000,0,0,2218000000,105000000,-45000000,-45000000,-0.5,-0.5,0,-197000000,485000000,-306000000,-18000000,179000000,0,10.03,11.62,8.44,-0.2677,-0.0372,12.22,0.82,,10.46,,2.0018,0.1325,,0.05,-2.17,,MBI,2018-09-30
,740288303,740288303,1,61927000000,26628000000,43504000000,17900000000,18239000000,184000000,0,22388000000,14059000000,10762000000,2338000000,2338000000,3.15,3.11,0.745,1878000000,-172000000,84000000,1721000000,9803000000,182000000,155.32,167.63,143.01,0.1489,0.0435,24.64,6.55,72.58,28.95,0.8454,0.7708,0.2945,0.0613,0.71,2.29,1.4876,HON,2018-09-30
,2681977969,2681977969,1,155703000000,47194000000,91077000000,27437000000,64626000000,0,0,79339000000,29480000000,20348000000,3934000000,3934000000,1.47,1.44,0.9,6272000000,-4269000000,-3477000000,-1513000000,16056000000,794000000,131.62,143.13,120.11,0.0246,0.0099,24.1,5.62,306.09,38.96,6.0538,0.4562,0.4151,0.0189,0.52,2.04,1.7201,JNJ,2018-09-30
,346300915,346300915,1,14583000000,5108000000,14471000000,6805000000,-133000000,245000000,0,1480000000,5739000000,4582000000,451000000,451000000,1.3,1.29,1,692000000,-220000000,-453000000,10000000,494000000,219000000,111.31,120.48,102.15,,0.1085,-0.38,,22.72,57.43,0.8561,,,0.0874,1.24,1.37,0.7506,KMB,2018-09-30
,1028888684,1028888684,1,111717000000,9384000000,83328000000,12965000000,25201000000,3188000000,324000000,5989000000,41425000000,6159000000,1222000000,1164000000,1.14,1.13,0.6,2326000000,124000000,-2576000000,-126000000,1891000000,-184000000,46,49.43,42.57,0.1008,0.0226,24.18,1.97,19.83,54.35,0.9809,1.6652,0.2227,0.1027,0.21,2.44,0.7238,SO,2018-09-30
,109176325,109176325,1,4721671000,1342482000,2641093000,1212660000,2080578000,0,0,0,820864000,2209760000,131110000,131110000,1.2,1.19,0.24,248570000,-230831000,-25343000,-7604000,7587000,230846000,123.06,129.98,116.14,0.3983,0.1728,19.06,6.62,18.02,8.17,0.1252,0.3945,0.4406,0.0949,1.82,0.16,1.1071,JBHT,2018-09-30
,138348046,138348046,1,2856885000,1354731000,915662000,321943000,1941223000,0,0,1063038000,421632000,434898000,73151000,73151000,0.53,0.52,0,122499000,-21201000,-17378000,85393000,593335000,7230000,57.5,63.88,51.11,0.0726,0.0483,14.03,4.42,64.61,2.51,0.1643,0.2172,0.6795,0.0733,0.66,0.83,4.208,FLIR,2018-09-30
,120684079,120684079,1,6262000000,2830700000,4644500000,2236900000,1617500000,0,0,1290700000,1225200000,1729500000,345900000,345900000,2.83,2.75,0.92,362800000,-732300000,51600000,-321300000,618800000,46900000,181.12,198.23,164,0.2989,0.0831,13.4,15.44,58.61,70.1,0.814,0.7575,0.2583,0.0803,1.03,2.62,1.2655,ROK,2018-09-30
,437732499,437732499,1,37416700000,29955900000,32737900000,29037300000,4678800000,0,0,3242200000,2002400000,3323200000,505400000,505400000,1.16,1.15,0.69,149200000,-452700000,-1817700000,-2133800000,4408300000,117000000,140.26,151.32,129.21,0.4285,0.0423,10.69,17.75,38.32,39.8,0.6732,0.428,0.125,0.1271,0.33,0.07,1.0316,ADP,2018-09-30
,9814196864,9814196864,1,2338833000000,,2076675000000,,262158000000,0,0,70551000000,234100000000,22777000000,7167000000,6701000000,0.67,0.66,0.15,19606000000,-26282000000,21045000000,13659000000,184858000000,0,29.77,31.91,27.63,0.0826,0.0101,26.71,1.13,15.35,20.74,0.2337,0.893,0.1121,0.2461,0.04,2,,BAC,2018-09-30
,78284171,78284171,1,7917100000,3789000000,4948200000,2659100000,2906100000,62800000,0,2085200000,1699300000,2214700000,71100000,71100000,0.9,0.89,0.15,200300000,-48400000,-128500000,12100000,292700000,48400000,60.56,64.77,56.36,0.0775,0.0286,37.12,1.63,22.1,3.06,0.202,0.5847,0.3671,0.0249,1.15,1.94,1.4249,AGCO,2018-09-30
,344442270,344442270,1,114490000000,,90857000000,,23633000000,0,2303000000,2189000000,6450000000,10465000000,870000000,833000000,2.41,2.37,0.46,1728000000,-1145000000,-612000000,-29000000,460000000,67000000,96.83,102.73,90.92,0.1733,0.0332,61.93,1.61,10.16,23.02,0.1679,0.3024,0.1863,0.0905,0.35,4.82,,ALL,2018-09-30
,442807114,442807114,1,8989600000,,9404900000,,-415300000,0,0,3329500000,3295000000,1387800000,208600000,208600000,0.47,0.46,0.19,219800000,-161100000,-232000000,-173300000,776700000,157600000,19.61,20.8,18.41,,-0.0527,-0.94,,,4.48,,,,,0.62,0.14,,WU,2018-09-30
,158212663,158212663,1,13839236000,4413990000,9663668000,4267071000,3974286000,201282000,0,8409889000,4707510000,857670000,176370000,176370000,1.12,1.11,0.01,154250000,-823420000,564731000,-108925000,990604000,53391000,119.69,129.25,110.14,0.1592,0.0476,25.12,4.94,34.49,0.51,0.0103,1.1845,0.2872,0.1748,0.27,0.64,1.0344,GPN,2018-09-30
,2402466211,2402466211,1,92452000000,49147000000,12110000000,5462000000,80342000000,0,0,19755000000,0,13727000000,5137000000,5137000000,1.78,1.76,0,7498000000,-4247000000,-5157000000,-1924000000,9744000000,3342000000,188.75,218.62,158.87,0.2502,0.219,33.44,5.73,29.22,0,0,0,0.869,0.3757,0.58,1.73,8.998,FB,2018-09-30
,126515354,126515354,1,7798690000,,5028596000,,2395719000,374375000,0,0,4761455000,306953000,130418000,130199000,1.03,1.02,0.86,189285000,-87934000,-103874000,-2523000,66583000,56011000,93.23,101.14,85.33,0.2243,0.0696,18.94,5.04,24.22,20.1,0.7834,1.9875,0.3072,0.4516,0.15,1.05,,EXR,2018-09-30
,78318708,78318708,1,1292795000,1059963000,383152000,262644000,893510000,16133000,0,145869000,94836000,295118000,46305000,46305000,0.58,0.58,0.25,90652000,-7160000,-50131000,33361000,299653000,689000,19.69,21.63,17.75,0.2067,0.1396,11.41,1.77,9.24,18.62,0.442,0.1061,0.6911,0.1547,0.9,1.15,4.0357,WDR,2018-09-30
,106619224,106619224,1,9615542000,6946827000,5577593000,758456000,4031814000,6135000,0,1538439000,4331242000,907548000,95716000,95716000,1.18,1.17,0.73,146789000,-32820000,4845632000,4952036000,5274459000,34657000,132.2,141.68,122.72,0.123,0.0482,37.82,5.97,35.16,32.19,0.8493,1.0743,0.4193,0.0786,0.61,1.05,9.1592,IFF,2018-09-30
,273660222,273660222,1,60605000000,5045000000,41494000000,8491000000,16617000000,2494000000,2281000000,229000000,21335000000,2940000000,310000000,274000000,1,0.99,0.9,962000000,-964000000,-32000000,-39000000,288000000,867000000,119.1,127.22,110.99,-0.0311,-0.0068,52.39,2.3,,36.78,,1.4882,0.2365,,0.2,0.35,0.5942,SRE,2018-09-30
,263472291,263472291,1,12327000000,5204000000,8518000000,3387000000,3608000000,201000000,0,3378000000,4084000000,3485000000,222000000,222000000,0.84,0.84,0.22,171000000,-208000000,-161000000,-199000000,772000000,212000000,38.9,46.45,31.35,0.3097,0.0872,13.69,2.92,8.29,5.66,0.2338,1.1319,0.2927,0.0756,1.15,-0.16,1.5365,DLPH,2018-09-30
,323942816,323942816,1,40635924000,,35893993000,,4446500000,295431000,95624000,1571317000,1200134000,652672000,271833000,270283000,0.83,0.83,0.12,-174728000,916713000,-775795000,-33810000,1443210000,-8350000,17.76,19.01,16.51,0.0923,0.0097,13.43,1.39,29.6,14.3,0.3761,0.2758,0.1071,0.2049,0.05,-0.51,,FHN,2018-09-30
,283331416,283331416,1,23913000000,2374000000,19127000000,3442000000,4786000000,0,37000000,0,8944000000,1599000000,169000000,180000000,0.6,0.59,0.3575,149000000,-807000000,523000000,-135000000,366000000,700000000,48.53,50.81,46.25,0.1238,0.0234,16.76,2.94,24.89,20.92,0.6973,1.8833,0.1986,0.0834,0.29,-1.94,0.6897,CMS,2018-09-30
,755025938,755025938,1,44957000000,11112000000,23464000000,8372000000,21489000000,4000000,0,0,10198000000,5216000000,1869000000,1861000000,2.44,2.44,0.78,2404000000,586000000,-1398000000,1592000000,2954000000,1319000000,80.64,86.6,74.69,0.1865,0.0902,28.46,2.95,27.71,32.26,0.6038,0.4746,0.478,0.2358,0.38,1.44,1.3273,OXY,2018-09-30
,532660228,532660228,1,20559000000,4935000000,8936000000,1051000000,10597000000,1026000000,0,0,4170000000,1726000000,-145000000,-145000000,-0.27,-0.27,0.14,425000000,-367000000,-115000000,-59000000,3151000000,251000000,33.9,38.63,29.16,-0.0177,-0.0091,19.89,1.67,113,7.84,,0.3935,0.5154,,0.35,0.33,4.6955,NEM,2018-09-30
,1061529259,1061529259,1,105652000000,,94718000000,,10934000000,0,1203000000,2299000000,9385000000,1144000000,378000000,360000000,0.33,0.33,0.14,542000000,-519000000,-106000000,-83000000,1299000000,24000000,15.51,16.52,14.5,0.1426,0.0142,9.17,1.67,13.26,12.05,0.3585,0.9644,0.0921,0.3187,0.04,0.49,,HBAN,2018-09-30
,590106711,590106711,1,78209000000,38454000000,62319000000,26033000000,15850000000,40000000,0,8209000000,25441000000,13510000000,1727000000,1727000000,2.92,2.88,0,1392000000,-346000000,-1645000000,-648000000,8046000000,408000000,143.57,157.72,129.43,0.2549,0.0487,26.86,5.73,27.93,34.12,0.4991,1.6051,0.2027,0.0713,0.68,1.67,1.4771,CAT,2018-09-30
,761279345,761279345,1,137941000000,,114707000000,,23234000000,0,0,0,0,5577000000,845000000,845000000,1.1,1.09,0.26,1852000000,-1729000000,-525000000,-418000000,3429000000,0,45.16,48.19,42.13,0.2076,0.0353,30.52,1.46,7.35,9.43,0.1556,0,0.1684,0.2257,0.16,2.43,,AFL,2018-09-30
,988777495,988777495,1,349770000000,,307909000000,,41560000000,301000000,3542000000,20648000000,0,4059000000,1111000000,1075000000,1.07,1.06,0.28,1244000000,2803000000,-4721000000,-671000000,6349000000,291000000,52.91,55.7,50.12,0.1156,0.0126,38.45,1.39,12.78,7.56,0.2281,0,0.1087,0.2718,0.04,0.96,,BK,2018-09-30
,854261803,854261803,1,189092000000,,167632000000,,21460000000,0,0,0,55300000000,10144000000,1654000000,1634000000,1.89,1.88,0.39,5086000000,-5790000000,626000000,0,31263000000,334000000,104.47,111.77,97.16,0.1822,0.0202,25.12,4.31,27.49,27.62,0.3386,2.5769,0.1135,0.0944,0.21,5.56,,AXP,2018-09-30
,91832030,91832030,1,11273585000,1941253000,5822066000,1778269000,5363745000,87774000,0,3852851000,3683919000,2648913000,171746000,171746000,1.85,1.84,0.1,346227000,-239433000,-98924000,7266000,177692000,152497000,121,132.64,109.37,0.1611,0.0763,58.41,2.11,14.19,3.56,0.0443,0.6868,0.4758,0.0789,0.97,2.11,1.0917,UHS,2018-09-30
,201482595,201482595,1,25492200000,8719000000,11732400000,3174900000,13766600000,-6800000,0,8819100000,5931100000,3439000000,1444400000,1444400000,7.17,7.15,0,1735900000,-619100000,25100000,1136500000,2386700000,463200000,338.4,388.67,288.13,0.2419,0.1285,68.33,5.56,24,0,0,0.4308,0.54,0.2408,0.53,6.32,2.7462,BIIB,2018-09-30
,52672885,52672885,1,8538800000,,3248700000,,3618200000,1671900000,0,4005800000,1534800000,585700000,124900000,124900000,2.35,2.34,0.3,298900000,4600000,-245900000,55300000,448100000,3200000,149.97,163.55,136.38,0.1925,0.0828,68.69,2.2,11.87,1.7,0.0831,0.4242,0.4237,0.2765,0.3,5.61,,AMG,2018-09-30
,442360153,442360153,1,3074600000,1773300000,3391600000,1418200000,-810400000,493400000,0,92800000,1630800000,1424200000,114500000,114500000,0.21,0.21,0,38400000,-22100000,-2800000,8700000,452600000,22100000,1.96,2.54,1.38,,0.0443,-1.83,,28,10.96,0,,,0.0261,1.7,0.04,1.2504,AVP,2018-09-30
,148974432,148974432,1,19141000000,6172000000,13195000000,8763000000,4386000000,1560000000,0,10258000000,3727000000,3276000000,525000000,525000000,3.51,3.43,0.32,-371000000,779000000,-698000000,-303000000,3109000000,223000000,129.65,139.77,119.53,0.1041,0.0226,29.44,4.89,77.17,31.05,0.4037,0.8497,0.2291,0.0404,0.56,-3.99,0.7043,EXPE,2018-09-30
,405028470,405028470,1,33803000000,7318000000,26745000000,4603000000,7040000000,18000000,0,3777000000,11300000000,5901000000,562000000,562000000,1.38,1.37,0.475,941000000,-346000000,-636000000,-47000000,1026000000,347000000,52,54.95,49.05,0.4565,0.0931,17.38,3.11,7.29,26.95,0.2463,1.6051,0.2083,0.1441,0.65,1.47,1.5898,IP,2018-09-30
,40647998,40647998,1,24410857000,,16081844000,,8329013000,0,0,0,0,1944413000,205613000,205613000,5.04,5.02,1.3,410981000,-279348000,-101595000,20268000,639761000,0,221.88,237.08,206.68,0.127,0.0443,204.91,1.1,42.83,37.2,0.2009,0,0.3412,0.1419,0.31,10.11,,RE,2018-09-30
,488968628,488968628,1,143695000000,59885000000,104570000000,55324000000,39125000000,0,0,14553000000,33384000000,43744000000,2883000000,2883000000,5.91,5.75,0,8588000000,-5572000000,-2369000000,496000000,21032000000,3352000000,1864.28,2050.5,1678.06,0.2671,0.0665,80.02,25.98,147.96,0,0,0.8533,0.2723,0.0428,1.55,10.71,1.0824,AMZN,2018-09-30
,46329586,46329586,1,24370476000,9467847000,14418666000,3930224000,9951810000,0,0,4962404000,8703901000,4849090000,1767578000,1767578000,37.39,37.02,0,1963969000,42648000,-2203923000,-213409000,2994472000,120976000,1973.7,2131.9,1815.5,0.2643,0.1117,214.8,8.95,35.56,0,0,0.8746,0.4084,0.1981,0.56,39.78,2.409,PCLN,2018-09-30
,137031488,137031488,1,7046048000,,3299124000,,3497201000,249723000,0,0,2973722000,213469000,-2345000,-2345000,-0.02,-0.02,0.46,97475000,-171709000,77571000,3337000,90541000,173358000,41.57,43.44,39.7,0.0309,0.0156,25.52,1.58,53.29,19.74,2.2665,0.8503,0.4963,0.126,0.12,-0.55,,ACC,2018-09-30
,362852542,362852542,1,12543000000,6249000000,8113000000,3563000000,4406000000,24000000,0,3193000000,3361000000,3524000000,502000000,500000000,1.36,1.34,0.38,-119000000,31000000,-642000000,-738000000,1443000000,128000000,137.41,146,128.81,0.2572,0.0935,12.14,10.76,46.58,10.29,0.4713,0.7628,0.3513,0.0848,1.1,-0.68,1.7539,EL,2018-09-30
,283048481,283048481,1,258758300000,,246841100000,,11700800000,216400000,0,2482600000,3245500000,4348100000,456300000,456300000,1.6,1.59,0.53,2075700000,-2067200000,576200000,584700000,2926700000,47100000,56.27,60.15,52.39,0.1779,0.0085,41.34,1.38,6.57,15.38,0.2724,0.2774,0.0452,0.157,0.05,7.17,,PFG,2018-09-30
,301327138,301327138,1,9742600000,4281500000,5689300000,2543200000,4008900000,44400000,0,4523500000,2468300000,2129000000,316600000,316600000,1.05,1.01,0.23,339200000,-67200000,-222700000,33900000,998300000,71800000,91.56,97.56,85.55,0.1949,0.079,13.3,7.31,39.81,3.58,0.3322,0.6157,0.4115,0.0964,0.82,0.89,1.6835,APH,2018-09-30
,461125321,461125321,1,55884000000,15314000000,30089000000,11974000000,23319000000,2476000000,0,4144000000,11021000000,30592000000,1492000000,1491000000,3.2,3.18,0.8,582000000,-719000000,-819000000,-960000000,924000000,779000000,116.41,123.97,108.85,0.282,0.1207,50.57,2.4,9.92,13.33,0.2165,0.4726,0.4173,0.0576,2.09,-0.43,1.2789,PSX,2018-09-30
,1059322255,1059322255,1,44625100000,20685900000,30474200000,10826700000,13076600000,1074300000,0,7977800000,11674700000,6061900000,1149500000,1149500000,1.13,1.12,0,2121800000,-398100000,432700000,2142700000,8960000000,269800000,96.28,107.84,84.71,0.0355,0.0102,12.34,8.95,,36.28,3.9644,0.8928,0.293,0.0185,0.55,1.75,1.9106,LLY,2018-09-30
,190285799,190285799,1,16678020000,,10715929000,,4377917000,1584174000,891294000,139994000,1673584000,542048000,203179000,190645000,1,1,0.63,246778000,-397400000,-141527000,-292149000,919810000,407947000,73.55,77.59,69.5,0.0904,0.0225,18.32,4.13,153.23,60.55,1.5194,0.48,0.2091,0.1616,0.11,-0.85,,VNO,2018-09-30
,690853526,690853526,1,53031000000,15873000000,32997000000,9634000000,15166000000,4868000000,0,3713000000,18423000000,23132000000,737000000,737000000,1.63,1.62,0.46,1182000000,-1377000000,186000000,-9000000,4995000000,1794000000,78.31,88.45,68.18,0.2598,0.0753,21.95,2.36,9.54,7.79,0.2416,1.2148,0.286,0.0449,1.68,-0.89,1.6476,MPC,2018-09-30
,437100203,437100203,1,14218600000,1382500000,5928400000,535800000,8292400000,-2200000,0,5400000,5002600000,430900000,-145000000,-145000000,-0.33,-0.33,0.01,-64200000,-218700000,-6600000,-289500000,196000000,46800000,7.38,8.74,6.03,-0.0755,-0.0446,18.97,0.38,,11.13,,0.6033,0.5832,,0.12,-0.25,2.5803,ESV,2018-09-30
,1616092910,1616092910,1,464607000000,,413600000000,,50375000000,632000000,5984000000,13074000000,40894000000,5699000000,1815000000,1732000000,1.06,1.06,0.37,3225000000,-2051000000,-113000000,1061000000,20082000000,0,52.57,55.55,49.59,0.1504,0.015,27.47,1.94,13.76,21,0.3135,0.9212,0.0955,0.2948,0.05,2,,USB,2018-09-30
,113321450,113321450,1,7213823000,327663000,10358906000,265512000,-3145083000,0,0,3387955000,9710145000,467221000,16144000,16144000,0.14,0.14,0,199087000,-150162000,-57906000,-13039000,163324000,191413000,160.33,167.41,153.26,,-3e-4,-27.75,,668.04,0,,,,,0.25,0.07,1.2341,SBAC,2018-09-30
,163957026,163957026,1,14855000000,5457000000,9253000000,5799000000,5602000000,0,0,8697000000,3072000000,964000000,163000000,163000000,0.99,0.97,0.44,14000000,76000000,-71000000,20000000,376000000,27000000,91.28,96.84,85.72,0.1317,0.0487,34.17,2.71,20.33,6.32,0.3636,0.5484,0.3771,0.1797,0.27,-0.08,0.941,NDAQ,2018-09-30
,581277782,581277782,1,7058000000,615000000,4853000000,892000000,2205000000,0,0,0,3572000000,951000000,-29000000,-29000000,-0.05,-0.05,0,307000000,-320000000,-15000000,-28000000,9000000,619000000,5.35,5.94,4.75,0.153,0.0454,3.79,1.39,5.05,0.03,0,1.62,0.3124,0.0944,0.48,-0.54,0.6895,SWN,2018-09-30
,111540403,111540403,1,23469488000,,17930583000,,5538905000,0,0,441591000,1358947000,1083802000,178724000,178724000,1.59,1.55,0.16,320769000,-680606000,359558000,-4791000,77439000,8581000,85.25,89.59,80.9,0.2701,0.0673,49.66,1.72,6.52,10.08,0.0455,0.2453,0.236,0.3641,0.18,2.8,,TMK,2018-09-30
,358734819,358734819,1,61437000000,,48708000000,,12729000000,0,0,1941000000,4263000000,4842000000,432000000,432000000,1.2,1.19,0.3,572000000,-555000000,-64000000,-45000000,102000000,11000000,51.33,53.87,48.79,-0.1612,-0.0148,35.48,1.47,,21.17,,0.3349,0.2072,,0.12,1.56,,HIG,2018-09-30
,172590076,172590076,1,3334800000,2746473000,1377468000,1377468000,1955849000,1483000,0,7927000,0,2090947000,162692000,162692000,0.94,0.92,0,86721000,-10624000,-101268000,-30242000,990612000,11733000,73.72,77.73,69.71,0.3101,0.1894,11.33,6.8,23.55,7.27,0.2518,0,0.5865,0.0776,2.44,0.43,1.9939,EXPD,2018-09-30
,377364168,377364168,1,44133200000,,38174300000,,5958900000,0,244100000,2568900000,885600000,398700000,117000000,113500000,0.33,0.33,0.17,185600000,195600000,-559000000,-177800000,538000000,15800000,17.98,19,16.95,0.0758,0.01,15.14,1.11,15.37,7.44,0.5674,0.155,0.1295,0.2738,0.04,0.45,,PBCT,2018-09-30
,431179872,431179872,1,4179043000,619864000,2084896000,366098000,2094147000,0,0,0,1218848000,545173000,122337000,122337000,0.28,0.28,0.06,242192000,-241536000,-425573000,-424917000,316077000,231575000,23.36,25.23,21.48,0.1035,0.0533,4.86,4.79,83.43,0.81,0.4313,0.582,0.5011,0.1269,0.42,0.02,1.6932,COG,2018-09-30
,160561303,160561303,1,18992000000,9863000000,10932000000,6416000000,7191000000,869000000,0,2060000000,1604000000,5943000000,692000000,692000000,4.29,4.28,1.14,915000000,-283000000,-707000000,-96000000,1222000000,181000000,140.88,151.87,129.9,0.1732,0.0679,44.79,3.15,22.15,29.38,0.5676,0.2231,0.3786,0.0546,1.24,4.57,1.5373000000000001,CMI,2018-09-30
,180598794,180598794,1,20880000000,800000000,15020000000,1748000000,5860000000,0,0,1571000000,7570000000,976000000,187000000,187000000,1.04,1.04,0.455,467000000,-396000000,-52000000,19000000,116000000,392000000,87.09,89.96,84.22,0.081,0.0225,32.45,2.74,33.24,11.66,0.5389,1.2918,0.2807,0.1331,0.17,0.42,0.4577,AWK,2018-09-30
,460581463,460581463,1,52635000000,9498000000,53203000000,16348000000,-568000000,0,0,6238000000,22274000000,11559000000,341000000,341000000,0.74,0.74,0.1,-79000000,-548000000,636000000,9000000,314000000,1005000000,39.77,43.89,35.64,,0.0257,-1.23,,11.59,538.93,0.1379,,,0.0306,0.84,-2.35,0.581,AMR,2018-09-30
,962034200,962034200,1,151087000000,38754000000,96722000000,56377000000,50010000000,4355000000,0,68201000000,32053000000,56556000000,3188000000,3188000000,3.31,3.24,0.9,941000000,-4547000000,-4480000000,-8105000000,10263000000,545000000,257.64,271.16,244.12,0.2595,0.0837,51.98,5.13,21.45,14.16,0.253,0.6409,0.331,0.0571,1.47,0.41,0.6874,UNH,2018-09-30
,751075098,751075098,1,22592700000,3740000000,13357400000,3791100000,8607500000,627800000,0,16789000000,7789700000,2031300000,-12100000,-12100000,-0.02,-0.02,0.125,-81900000,-174400000,351800000,91000000,453200000,133600000,12.6,14.46,10.73,-0.0177,-0.007,11.46,1.07,,1.94,,0.905,0.381,,0.4,-0.29,0.9865,COTY,2018-09-30
,139356365,139356365,1,145191000000,,139573000000,,5618000000,0,0,0,2870000000,3316000000,503000000,503000000,3.48,3.43,0.9,548000000,-565000000,-57000000,-74000000,4697000000,48000000,142.59,151.01,134.17,0.3015,0.012,40.31,3.59,12.5,21.09,0.2842,0.5109,0.0387,0.135,0.09,3.59,,AMP,2018-09-30
,695465998,695465998,1,221538000000,129702000000,51698000000,31301000000,169840000000,0,0,20343000000,3986000000,33740000000,9192000000,9192000000,13.21,13.06,0,13210000000,-10408000000,-3478000000,-705000000,13443000000,5262000000,1183.85,1273.89,1093.8,0.1164,0.0897,244.21,5.08,51.27,0,0,0.0235,0.7666,0.1445,0.62,11.43,4.1437,GOOG,2018-09-30
,473656501,473656501,1,362909000000,,312271000000,,50638000000,0,0,14802000000,50571000000,6962000000,1502000000,1502000000,3.01,2.99,0.4,3351000000,-2256000000,-2763000000,-1668000000,11628000000,240000000,96.59,101.26,91.93,0.0717,0.0104,106.91,0.93,15.28,11.94,0.2165,0.9987,0.1395,0.1267,0.08,6.57,,COF,2018-09-30
,233010046,233010046,1,17591000000,6753000000,12591000000,5047000000,4800000000,200000000,0,709000000,5604000000,3928000000,351000000,351000000,1.49,1.48,0.14,60000000,-194000000,58000000,-88000000,962000000,173000000,23.08,25.41,20.75,0.1037,0.028,20.6,1.18,21.77,9.91,0.2732,1.1675,0.2729,0.0311,0.9,-0.48,1.338,GT,2018-09-30
,97452743,97452743,1,7132000000,,7641000000,,-514000000,5000000,0,1082000000,5159000000,1062000000,148000000,148000000,1.49,1.49,0.41,50000000,-12000000,-48000000,-10000000,377000000,16000000,43.67,47.35,40,,0.113,-5.27,,4.16,77.44,6.6072,,,0.2582,0.44,0.35,,WYN,2018-09-30
,53088113,53088113,1,12684305000,1464656000,9765907000,2182818000,2918398000,0,0,554390000,5423580000,2158061000,88751000,89185000,1.69,1.68,0.54,,,,-13684000,63252000,772696000,75.44,79.95,70.92,0.2826,0.0671,54.97,1.41,5.15,23.4,0.1338,1.8584,0.2301,0.1,0.67,,0.671,R,2018-09-30
,302128696,302128696,1,8450000000,5803000000,3133000000,1649000000,5317000000,0,0,1994000000,993000000,1286000000,255000000,255000000,0.84,0.83,0,-126000000,-601000000,-271000000,-995000000,2881000000,31000000,130.89,151.26,110.53,0.2013,0.1143,17.6,7.58,60.04,0,0,0.1868,0.6292,0.1876,0.61,-0.52,3.5191,ERTS,2018-09-30
,162832750,162832750,1,10503800000,4089458000,8350828000,3775814000,2152972000,0,0,55318000,4196517000,1315669000,113855000,113855000,0.69,0.68,0.37,386696000,-248110000,-195782000,-59672000,970011000,50552000,43.33,45.88,40.78,0.2645,0.0522,13.22,3.34,14.79,14.18,0.4526,1.9492,0.205,0.093,0.56,2.06,1.0831,HOG,2018-09-30
,90594855,90594855,1,6902900000,803100000,3970300000,749300000,2921500000,11100000,0,5284400000,2720800000,854900000,23500000,17500000,0.2,0.2,0,-141100000,-26000000,174600000,7000000,52000000,32900000,63.91,71.43,56.38,0.051,0.0234,32.25,1.9,32.94,0,0,0.9313,0.4232,0.0422,0.51,-1.92,1.0718,SRCL,2018-09-30
,5301759,5301759,1,4873743000,1535867000,1893680000,804200000,2975357000,4706000,0,1684882000,473060000,674766000,125064000,124236000,23.43,23.28,1.33,121320000,-107133000,-40329000,-26006000,276735000,18344000,567.74,598.08,537.4,0.1469,0.0888,561.2,1.05,9.57,561.75,0.0828,0.159,0.6105,0.1595,0.56,19.42,1.9098,WPO,2018-09-30
,411335893,411335893,1,32503800000,,22761800000,,8987100000,754900000,0,9468000000,2814600000,1341800000,269600000,269600000,0.65,0.65,0.3,265300000,-865400000,789200000,80400000,1914300000,22100000,25.14,27.59,22.69,0.133,0.0367,21.85,1.17,8.79,8.51,0.4112,0.3132,0.2765,0.2166,0.17,0.59,,IVZ,2018-09-30
,243534265,243534265,1,82956000000,,67371000000,,15555000000,30000000,0,6129000000,25041000000,11457000000,774000000,772000000,3.18,3.14,0,624000000,125000000,19657000000,20398000000,24032000000,126000000,187.81,208.73,166.88,0.1895,0.0408,63.87,3.1,18.25,4.58,0.0035,1.6098,0.1875,0.0615,0.66,2.04,,CI,2018-09-30
,374187286,374187286,1,22084000000,7918000000,12224000000,4153000000,9860000000,0,0,11097000000,5928000000,3242000000,590000000,590000000,1.58,1.55,0.47,618000000,-156000000,-179000000,277000000,1918000000,140000000,170.46,177.76,163.16,0.1284,0.0562,26.35,6.74,60.23,12.52,0.5691,0.6012,0.4465,0.0931,0.6,1.28,1.9066,SYK,2018-09-30
,1383800781,1383800781,1,20379000000,3971000000,12090000000,5082000000,8289000000,0,0,13885000000,4806000000,2393000000,432000000,432000000,0.31,0.31,0,501000000,-662000000,151000000,-14000000,980000000,76000000,35.7,39.13,32.27,0.0891,0.0343,5.99,6.38,99.17,0,0,0.5798,0.4067,0.0697,0.49,0.31,0.7814,BSX,2018-09-30
,118601232,118601232,1,216946000000,,203997000000,,12884000000,65000000,0,0,3966000000,1422000000,-269000000,-271000000,-2.26,-2.26,0,479000000,-1446000000,976000000,9000000,2144000000,-1000000,42.87,46.49,39.24,,,108.63,0.38,,0,,0.3078,0.0594,,,4.05,,BHF,2018-09-30
,137434702,137434702,1,6068323000,814435000,2407184000,208317000,3661139000,0,0,0,1973488000,286322000,-51112000,-51112000,-0.37,-0.37,0,57989000,-125000,-179000,57685000,201853000,1509000,18.49,21.37,15.61,-0.0356,-0.0216,26.64,0.68,,43.9,,0.539,0.6033,,0.19,0.41,3.9096,DO,2018-09-30
,363286952,363286952,1,20699400000,1369100000,15625700000,3411200000,5073700000,0,393900000,1914200000,7094500000,895000000,-339500000,-345100000,-0.95,-0.95,0.195,117700000,-505400000,360400000,-27300000,53800000,490600000,26.34,28.11,24.56,-0.0211,-0.0045,12.88,1.89,34.21,46.08,,1.516,0.2261,,0.25,-1.03,0.4014,NI,2018-09-30
,316885808,316885808,1,37515669000,2153371000,25951321000,3630272000,11408778000,155570000,0,4427266000,12151536000,2271425000,291260000,289380000,0.91,0.91,0.51,709527000,-558418000,-138354000,12755000,134605000,556288000,60.69,63.88,57.49,0.0923,0.0281,36,1.71,19.08,25.15,0.6102,1.0651,0.3041,0.1244,0.22,0.48,0.5932,NU,2018-09-30
,297941326,297941326,1,40011000000,24445000000,34098000000,23057000000,5913000000,0,0,12093000000,7999000000,35213000000,593000000,593000000,1.95,1.94,0.4763,365000000,679000000,-764000000,282000000,2045000000,-682000000,51.81,55.48,48.14,0.1083,0.0179,19.85,2.64,72.97,24.19,0.7809,1.3528,0.1478,0.0053,3.4,3.51,1.0602,CAH,2018-09-30
,70400000,70400000,1,3698000000,2145200000,3917500000,1510100000,-233900000,14400000,0,674500000,1955300000,1649500000,34300000,34300000,0.49,0.49,0.03,64100000,29000000,-79600000,9700000,296200000,24700000,5.36,6.23,4.48,,-0.011,-3.32,,,85.1,,,,,1.85,0.56,1.4206,RRD,2018-09-30
,141404857,141404857,1,6169700000,1890200000,3936100000,1451600000,2231900000,1700000,0,3397100000,1988400000,1380800000,99800000,99800000,0.7,0.69,0.4,206400000,-496100000,342600000,52400000,397900000,38700000,55.27,58.21,52.32,0.1848,0.0754,15.78,3.62,18.3,3.5,0.3318,0.8909,0.3618,0.0794,0.95,1.19,1.3021,FBHS,2018-09-30
,236768234,236768234,1,4507432000,856090000,3724114000,339103000,783318000,0,0,2052882000,2759766000,400550000,391249000,391249000,1.65,1.6,0.085,81241000,414084000,-55673000,441858000,680779000,14770000,17.49,18.68,16.31,,0.143,3.31,9.61,19.88,3.31,0.1288,3.5232,0.1738,0.4,0.36,0.28,2.5246,WEN,2018-09-30
,93626317,93626317,1,19980696000,5038032000,16005857000,4842065000,3974839000,0,0,12253184000,8710831000,4731470000,354027000,354027000,3.8,3.72,0.86,852119000,-8295000,-808773000,26538000,181511000,40358000,439.91,479.64,400.18,0.5045,0.0947,42.45,10.96,22.4,31.86,0.1686,2.1915,0.1989,0.1092,0.87,8.67,1.0405,SHW,2018-09-30
,134657913,134657913,1,9406900000,3491200000,6328600000,2271500000,3046400000,31900000,0,4206300000,2593300000,1035600000,72800000,72800000,0.54,0.54,0.33,220600000,-41400000,-330300000,-149900000,176500000,35500000,86.25,91.49,81.01,0.3415,0.1039,22.62,3.87,11.67,12.09,0.1325,0.8513,0.3238,0.2228,0.47,1.37,1.537,FMC,2018-09-30
,60627214,60627214,1,2605476000,1417658000,1319984000,954433000,1285492000,0,0,600842000,0,562709000,132881000,132881000,2.2,2.16,0,204305000,-228098000,-150017000,-174561000,424707000,17391000,184.24,199.71,168.77,0.3626,0.1783,21.2,8.85,25.27,0,0,0,0.4934,0.2099,0.85,3.08,1.4853,FFIV,2018-09-30
,420292465,420292465,1,7918000000,578000000,3979000000,1131000000,3939000000,0,0,0,2243000000,484000000,-7000000,-7000000,-0.01,-0.01,0,224000000,-406000000,116000000,-66000000,50000000,1039000000,18.66,20.37,16.94,-0.0661,-0.0301,9.37,2.12,,0,,0.5694,0.4975,,0.19,-1.94,0.5111,WPX,2018-09-30
,140042105,140042105,1,16362000000,3647000000,10367000000,2153000000,5920000000,75000000,0,6740000000,5898000000,2547000000,412000000,412000000,2.93,2.89,0.56,395000000,-136000000,-259000000,0,193000000,137000000,99.68,103.92,95.43,0.2725,0.0946,42.27,2.47,9.99,24.64,0.2066,0.9963,0.3618,0.1516,0.62,1.84,1.6939,EMN,2018-09-30
,383657690,383657690,1,28696000000,11383000000,17504000000,6242000000,11044000000,148000000,0,2801000000,7471000000,10155000000,1113000000,1113000000,2.86,2.85,1,1441000000,-2312000000,-977000000,-1854000000,532000000,482000000,107.87,116.63,99.11,0.5845,0.2166,28.79,3.96,7.29,16.88,0.1317,0.6765,0.3849,0.1501,1.44,2.5,1.8236,LYB,2018-09-30
,1350452801,1350452801,1,272102000000,,251268000000,,20834000000,0,2793000000,1227000000,5790000000,2579000000,923000000,885000000,0.66,0.65,0.13,1275000000,-6366000000,13267000000,8176000000,27094000000,147000000,51.66,54.26,49.06,0.1771,0.0124,13.36,4.03,26.09,4.74,0.1848,0.3209,0.0663,0.3085,0.04,0.84,,SCHW,2018-09-30
,356467761,356467761,1,22597953000,,11941642000,,10452839000,203472000,0,1683982000,10478455000,936538000,101972000,101972000,0.29,0.28,0.79,307286000,-60961000,-255829000,-9556000,148547000,110205000,56.85,60.42,53.28,0.0693,0.032,29.32,1.91,16.29,38.41,1.5222,1.0025,0.4626,0.199,0.16,0.55,,VTR,2018-09-30
,962827199,962827199,1,23652000000,6963000000,16723000000,4006000000,6929000000,0,0,5276000000,7661000000,12000000,721000000,721000000,0.74,0.73,0,558000000,926000000,-1020000000,465000000,2101000000,179000000,35.47,38.34,32.6,-0.1118,-0.0339,7.2,4.91,,35,,1.1056,0.293,,0.32,0.39,1.7381,EBAY,2018-09-30
,173601030,173601030,1,3809500000,989600000,1929300000,707400000,1880200000,0,0,2386400000,798800000,711400000,110100000,110100000,0.63,0.63,0.175,112700000,-13400000,-107300000,-14000000,64700000,13900000,43.5,45.99,41,0.1313,0.0693,10.83,4.04,17.26,37.97,9.214,0.4248,0.4936,0.1104,0.63,0.57,1.3989,PNR,2018-09-30
,80672505,80672505,1,2068030000,560932000,1162378000,210193000,905652000,0,0,1171517000,686212000,302726000,19131000,19131000,0.23,0.23,0.05,51232000,-14527000,-32681000,4024000,129743000,14762000,14.68,16.92,12.44,0.006,0.0035,11.23,1.32,,15.81,2.2252,0.7577,0.4379,0.0052,0.5,0.45,2.6687,SSP,2018-09-30
,501191387,501191387,1,22228000000,2726000000,16720000000,2581000000,5508000000,0,790000000,934000000,7252000000,2212000000,158000000,153000000,0.35,0.35,0.2775,586000000,-407000000,-214000000,-35000000,331000000,424000000,27.8,29.06,26.55,0.3251,0.069,9.41,2.57,7.77,12.18,0.2438,1.5371,0.2123,0.151,0.46,0.32,1.0562,CNP,2018-09-30
,208996396,208996396,1,27093540000,1359000000,15217635000,7072942000,11338135000,537770000,0,1374923000,7646988000,2796187000,810391000,810391000,3.88,3.86,0.7,815398000,-1217631000,551797000,145823000,254821000,296247000,118.12,133.6,102.64,0.1641,0.0732,54.25,2.29,14.69,11.25,0.2955,0.6744,0.4185,0.1946,0.38,2.48,0.1921,RCL,2018-09-30
,170462089,170462089,1,18024000000,2660000000,6130000000,2225000000,11894000000,0,0,267000000,2286000000,2476000000,411000000,409000000,2.4,2.39,0.16,872000000,-751000000,6000000,127000000,919000000,706000000,176.92,193.03,160.8,0.1144,0.0756,69.78,2.63,34.29,2.53,0.0414,0.1922,0.6599,0.1725,0.44,0.97,1.1955,PXD,2018-09-30
,200250195,200250195,1,25210000000,1028000000,7978000000,1876000000,17232000000,0,0,2266000000,4143000000,1192000000,-199000000,-199000000,-1.05,-1.05,0,771000000,-857000000,55000000,-31000000,24000000,857000000,141.52,154.07,128.97,0.0902,0.0611,86.05,2.87,18.82,0,0,0.2404,0.6835,0.2671,0.23,-0.43,0.548,CXO,2018-09-30
,361589994,361589994,1,5657108000,,2167577000,,3489531000,0,0,0,831300000,290445000,181900000,181900000,0.5,0.49,0,120954000,-45793000,-58000,75103000,266997000,2403000,12.02,13.44,10.59,0.1637,0.096,9.65,1.31,9.46,3.37,0,0.2382,0.6168,0.4863,0.2,0.33,,MTG,2018-09-30
,339191207,339191207,1,16470000000,3860000000,12725000000,3813000000,3640000000,105000000,5000000,6744000000,6523000000,2946000000,24000000,59000000,0.17,0.17,0.1,593000000,435000000,-965000000,54000000,611000000,172000000,40.14,45.2,35.08,0.1194,0.0306,10.72,3.56,31.61,3.14,0.2993,1.7945,0.2207,0.0399,0.67,1.24,1.0123,BLL,2018-09-30
,171732775,171732775,1,29262713000,7920491000,23409144000,9775324000,4508838000,1344731000,0,356702000,9669879000,6824413000,311516000,311516000,1.82,1.75,0,1391281000,-560965000,-84218000,739728000,3522966000,510271000,319.86,387.46,252.25,-0.4189,-0.0633,26.25,13.97,,0,,2.1446,0.1541,,0.62,5.13,0.8103,TSLA,2018-09-30
,479799000,479799000,1,22147000000,1727000000,10753000000,2124000000,10346000000,1048000000,0,0,6571000000,1273000000,248000000,248000000,0.47,0.47,0.11,697000000,-452000000,-145000000,100000000,721000000,807000000,33.11,37.76,28.46,0.1262,0.0587,21.56,1.56,17.9,5.86,0.1574,0.6351,0.4672,0.3471,0.17,-0.23,0.8131,NBL,2018-09-30
,720199922,720199922,1,43042000000,2545000000,31259000000,4383000000,11783000000,0,0,3942000000,19924000000,1872000000,445000000,445000000,0.63,0.62,0.41,885000000,-817000000,-77000000,-11000000,864000000,817000000,29.37,31.1,27.64,0.1326,0.0351,16.36,1.83,14.69,28.17,0.7694,1.6909,0.2738,0.1917,0.18,0.09,0.5807,PPL,2018-09-30
,179249910,179249910,1,2882487000,1879395000,1214727000,458412000,1667760000,0,0,532961000,376417000,566848000,119981000,119981000,0.65,0.63,0.09,240584000,300497000,-207918000,333635000,814019000,25606000,41.12,45.8,36.44,0.1112,0.0678,9.3,4.41,44.22,1.21,0.3158,0.2257,0.5786,0.0981,0.69,1.2,4.0998,TER,2018-09-30
,132047816,132047816,1,9875635000,1175912000,4729846000,690415000,5145789000,0,0,4268969000,2778129000,1240197000,179151000,179151000,1.35,1.34,0.28,296871000,-92889000,-222028000,-18046000,43069000,96757000,118.81,131.52,106.1,0.1435,0.0744,38.97,3.13,24.65,8.54,0.2004,0.5399,0.5211,0.1684,0.44,1.52,1.7032,VMC,2018-09-30
,174364490,174364490,1,10747940000,,1827918000,,8895091000,24931000,4025000000,209317000,1417945000,706368000,378027000,322679000,1.85,1.85,2,600426000,-106915000,-399673000,93682000,455112000,198842000,217.03,234.9,199.15,0.2649,0.1413,27.93,7.76,30.27,55.65,1.0783,0.2912,0.4531,0.4729,0.26,2.3,,PSA,2018-09-30
,112201915,112201915,1,5119500000,435500000,1958200000,478900000,3151900000,9400000,0,4465800000,915100000,575900000,86000000,85000000,0.76,0.76,0.58,-41200000,115300000,-82500000,-3200000,136800000,15200000,100.11,109.12,91.1,0.1714,0.1037,28.09,3.55,21.95,7.5,0.2334,0.2903,0.6157,0.2041,0.5,-0.5,0.9094,CBOE,2018-09-30
,114500000,114500000,1,7520700000,2306900000,4232100000,1124200000,3240600000,48000000,0,0,1334200000,1412600000,71500000,71500000,0.6,0.59,0.125,345400000,-47500000,-373400000,-75500000,1402400000,50600000,40.69,46.27,35.1,0.1584,0.0984,28.3,1.41,7.69,47.75,0.0807,0.4117,0.4309,0.0958,0.7,2.57,2.052,BTU,2018-09-30
,42726652,42726652,1,1540000000,844000000,1351000000,779000000,18000000,171000000,0,108000000,5000000,366000000,19000000,14000000,0.33,0.33,0,-30000000,0,-2000000,-37000000,256000000,7000000,3.45,4.15,2.75,,0.0783,0.42,12.32,3.48,31.5,0,0.2778,0.0117,0.0742,0.93,-0.87,1.0834,EK,2018-09-30
,7278000000,7278000000,1,534870000000,53107000000,349899000000,65420000000,183848000000,1123000000,0,271225000000,168513000000,45739000000,4718000000,4718000000,0.65,0.65,0.5,12346000000,-7352000000,-9959000000,-4965000000,8788000000,5736000000,32.2,34.28,30.13,0.2053,0.0685,25.26,1.28,6.28,35.47,0.3998,0.9166,0.3437,0.204,0.34,0.91,0.8118,T,2018-09-30
,272346940,272346940,1,36322000000,2109000000,20842000000,2441000000,15480000000,0,0,0,10635000000,2947000000,702000000,700000000,2.54,2.52,0.8,1058000000,-355000000,-316000000,387000000,817000000,445000000,168.4,186.91,149.89,0.3658,0.1648,56.84,2.85,8.44,29.8,0.1343,0.687,0.4262,0.5277,0.31,2.25,0.864,NSC,2018-09-30
,924058960,924058960,1,48797000000,11823000000,26339000000,11250000000,21164000000,1294000000,0,25821000000,9654000000,8370000000,771000000,771000000,0.84,0.82,0.26,1252000000,-89000000,-1224000000,-83000000,200000000,223000000,36.63,40.33,32.93,0.1038,0.0437,22.9,1.63,15.07,24.93,0.4451,0.4562,0.4337,0.0689,0.63,1.11,1.0509,JCI,2018-09-30
,264882804,264882804,1,104390000000,,81930000000,,22460000000,0,0,4309000000,0,7723000000,709000000,704000000,2.65,2.62,0.77,1734000000,-1302000000,-488000000,-56000000,359000000,0,128,134.61,121.39,0.1061,0.0236,84.79,1.51,17.34,35.55,0.3286,0,0.2152,0.0813,0.29,6.55,,TRV,2018-09-30
,1018799080,1018799080,1,131506000000,71981000000,94884000000,29460000000,36618000000,4000000,0,47382000000,63620000000,47269000000,1390000000,1390000000,1.36,1.36,0.5,1097000000,-634000000,-2693000000,-2230000000,41827000000,536000000,71.6,79.97,63.23,0.0838,0.0251,35.94,2.05,24.44,18.08,0.6536,1.7374,0.2785,0.0165,1.52,0.55,2.4433,CVS,2018-09-30
,63808275,63808275,1,19093000000,8461000000,15785000000,9674000000,2360000000,948000000,0,4803000000,4768000000,5326000000,210000000,210000000,3.25,3.22,1.15,-31000000,-163000000,181000000,-45000000,1082000000,136000000,137.43,156.51,118.35,-0.1875,-0.0316,36.99,3.7,,48.51,,2.0203,0.1236,,1.07,-2.62,0.8746,WHR,2018-09-30
,91016975,91016975,1,3604400000,1259200000,2417100000,705500000,1187300000,0,0,971800000,1431400000,1026400000,57500000,57500000,0.63,0.63,0.31,142300000,-30000000,-101800000,11300000,62300000,30000000,47.25,53,41.51,0.0927,0.0303,13.04,3.68,39.71,18.46,1.0074,1.2056,0.3294,0.0272,1.11,1.23,1.7848,BMS,2018-09-30
,3977903385,3977903385,1,258966000000,114843000000,222248000000,94750000000,36590000000,128000000,0,273000000,50564000000,37666000000,993000000,991000000,0.25,0.25,0.15,5179000000,-3573000000,144000000,1734000000,18755000000,1981000000,10.18,11.26,9.09,0.1719,0.0239,9.2,1.11,6.02,34.71,0.4686,1.3819,0.1413,0.0388,0.61,0.8,1.2121,F,2018-09-30
,235936447,235936447,1,15269800000,1124800000,10699400000,1548300000,4570400000,0,400000000,0,5310200000,928600000,208100000,205500000,0.87,0.87,0.335,507200000,-637200000,365800000,235800000,247800000,394700000,42.78,44.18,41.39,0.134,0.0364,17.68,2.53,20.47,22.14,0.589,1.2733,0.2731,0.148,0.24,0.48,0.7265,LNT,2018-09-30
,137186880,137186880,1,27490000000,19077000000,16897000000,11324000000,10593000000,0,0,4158000000,4774000000,14206000000,644000000,644000000,4.68,4.65,0.5,-1055000000,-2353000000,-1281000000,-4689000000,4142000000,164000000,317.44,341.3,293.58,0.1485,0.0494,77.22,4.28,32.93,9.14,0.1638,0.4507,0.3853,0.027,1.83,-8.89,1.6847,HUM,2018-09-30
,115979645,115979645,1,1984324000,413335000,1021386000,249631000,962938000,0,0,1083748000,656159000,245525000,15233000,15233000,0.13,0.13,0,29351000,-10426000,-1731000,17309000,76342000,10426000,26.68,28.98,24.37,0.0158,0.0074,8.3,3.28,,0,0,0.6814,0.4853,0.0142,0.52,0.16,1.6558,ACIW,2018-09-30
,426347027,426347027,1,22591000000,2675000000,16350000000,3070000000,6239000000,2000000,0,6944000000,9569000000,3822000000,499000000,499000000,1.16,1.16,0.465,874000000,-496000000,-368000000,10000000,430000000,404000000,86.86,92.85,80.88,0.3772,0.1038,14.63,6.15,17.37,18.98,0.3416,1.5337,0.2762,0.156,0.67,1.1,0.8713,WM,2018-09-30
,4077576840,4077576840,1,87851000000,14447000000,59387000000,12926000000,28401000000,63000000,0,50046000000,35329000000,8433000000,196000000,196000000,0.05,0.05,0,2927000000,-1918000000,339000000,1348000000,5773000000,2845000000,5.98,6.61,5.35,0.2793,0.0891,6.97,0.87,3.3,12.68,0,1.2439,0.3233,0.2312,0.39,0.02,1.1177,S,2018-09-30
,268390557,268390557,1,7678784000,,4078516000,,2593255000,1007013000,46201000,0,3811180000,266144000,18610000,17639000,0.07,0.07,0.3225,151623000,-91851000,-62604000,-2832000,28080000,61226000,38.72,41.04,36.4,0.0686,0.0247,9.49,3.82,56.12,26.76,1.8365,1.4963,0.3317,0.1601,0.15,0.34,,UDR,2018-09-30
,1151241888,1151241888,1,70556000000,14723000000,38477000000,7401000000,31950000000,129000000,0,0,14902000000,10165000000,1861000000,1861000000,1.6,1.59,0.29,3410000000,-1638000000,-1263000000,483000000,3940000000,1513000000,73.19,78.68,67.71,0.1923,0.0842,27.75,2.74,19.16,45.76,0.2155,0.4664,0.4528,0.2018,0.42,1.65,1.9893,COP,2018-09-30
,1158087567,1158087567,1,3401105000000,,3394130000000,,6975000000,0,19130000000,0,3345848000000,6192000000,4011000000,36000000,0.01,0.01,0,-121000000,30058000000,-27635000000,2302000000,51031000000,0,1.65,2,1.3,,0.0018,-10.5,,5.16,8.63,,,,,0.01,-0.1,,FNM,2018-09-30
,629530000,629530000,1,38268162000,,12830507000,,22030599000,3407056000,68948000,0,11232129000,682432000,347836000,346345000,0.6,0.6,0.48,500694000,-457331000,-288847000,-252268000,275562000,419253000,65.04,68.2,61.88,0.0782,0.0426,34.89,2.23,18.69,12.14,0.7812,0.5114,0.5739,0.5129,0.08,0.13,,PLD,2018-09-30
,2442136813,2442136813,1,1925165000000,,1727302000000,,197004000000,859000000,19035000000,26785000000,235270000000,18389000000,4622000000,4301000000,1.73,1.73,0.45,21747000000,-19934000000,-3323000000,-1616000000,199286000000,961000000,70.57,75.24,65.9,-0.0352,-0.0027,72.87,0.98,,153.68,,1.322,0.0924,,0.04,8.51,,C,2018-09-30
,467912054,467912054,1,158598000000,,138322000000,,20276000000,0,543000000,6979000000,15639000000,1564000000,443000000,436000000,0.92,0.91,0.27,-208000000,-1690000000,2024000000,126000000,3991000000,122000000,40.11,41.76,38.47,0.096,0.0124,42.17,0.96,10.9,2.89,0.223,0.7925,0.1244,0.317,0.04,-0.71,,CFG,2018-09-30
,411361477,411361477,1,17911314000,1807908000,11258556000,2450206000,6652758000,0,0,970117000,8325708000,3393890000,313259000,312984000,0.76,0.75,0.825,513480000,-883419000,439108000,69169000,84464000,693907000,68.16,71.99,64.34,0.1442,0.0541,16.17,4.2,35.69,30.92,1.4015,1.2515,0.3714,0.0695,0.78,-0.44,0.7379,OKE,2018-09-30
,206282023,206282023,1,21462110000,,10681095000,,10026254000,754761000,624780000,3373342000,7236613000,768924000,87597000,67268000,0.33,0.33,1.01,360761000,-268196000,-74696000,27278000,54310000,282162000,117.95,125.1,110.8,0.0284,0.0165,45.58,2.55,121.6,33.91,2.9994,0.7697,0.438,0.0907,0.14,0.38,,DLR,2018-09-30
,662297479,662297479,1,32489000000,5015000000,25901000000,4047000000,3305000000,3283000000,0,1459000000,18088000000,2837000000,101000000,101000000,0.15,0.15,0.13,767000000,-310000000,-434000000,-20000000,2122000000,598000000,13.33,14.11,12.55,-0.087,-0.0082,4.99,2.67,,2.07,,5.4729,0.1017,,0.35,0.26,1.2392,AES,2018-09-30
,255558035,255558035,1,4620840000,3686611000,1686359000,992508000,2906116000,28365000,0,79384000,576530000,784535000,128746000,128732000,0.51,0.5,0,381348000,-49889000,2079000,332983000,2487051000,20912000,179.24,193.78,164.7,0.2582,0.1573,11.37,17.05,112.73,0,0,0.1984,0.6289,0.2287,0.69,1.41,3.7144,VRTX,2018-09-30
,48083063,48083063,1,50761151,33534068,5368086,5368086,45393065,0,0,1458008,0,11499902,1659087,1659087,0.03,0.03,0,599862,-1272893,-864,-660839,8637838,28051,3.12,3.86,2.37,0.1466,0.1338,0.94,3.9,26,0,0,0,0.8942,0.1429,0.94,0.01,6.2469,PFIE,2018-09-30
,94497298,94497298,1,6500000000,2114700000,3969800000,766500000,2530200000,0,0,1262600000,2500800000,1809900000,206700000,205100000,2.19,2.18,0.79,301000000,-131800000,-75000000,94200000,293800000,131800000,113.13,118.88,107.39,0.3396,0.1276,26.78,4.48,14.58,20.25,0.337,0.9884,0.3893,0.1145,1.11,1.79,2.7589,PKG,2018-09-30
,236509664,236509664,1,18667100000,2176200000,13496900000,2088100000,5170200000,0,0,13613400000,9551100000,1432500000,96300000,96300000,0.41,0.38,0.364,487500000,-69500000,-593500000,-175500000,459700000,79300000,88.06,98.26,77.87,0.0066,0.002,21.86,4.05,231.74,17.87,12.3185,1.8473,0.277,0.006,0.34,1.73,1.0422,MCHP,2018-09-30
,173328693,173328693,1,7186605000,2843385000,4233095000,1848595000,2938736000,14774000,0,3749582000,2053373000,1651248000,47079000,47079000,0.26,0.26,0,220990000,9969000,-248229000,-18638000,484309000,-3025000,24.63,26.92,22.33,0.0265,0.011,16.95,1.44,37.32,0,0,0.6987,0.4089,0.0122,0.91,1.29,1.5381,ARRS,2018-09-30
,908793777,908793777,1,121990000000,48257000000,102072000000,36822000000,19784000000,134000000,0,39660000000,35989000000,18756000000,2694000000,2694000000,2.95,2.94,1.57,4231000000,-2969000000,-436000000,771000000,11731000000,800000000,145.77,153.35,138.2,0.3091,0.0463,21.77,7.18,23.47,50.11,0.9657,1.8191,0.1622,0.0712,0.65,3.78,1.3105,IBM,2018-09-30
,111239214,111239214,1,5862355000,1165495000,3289886000,686752000,2572469000,0,0,4144464000,1882502000,674313000,76548000,76548000,0.69,0.69,0.07,93192000,8019000,-109031000,-10879000,152717000,20835000,84.86,97.77,71.95,0.0495,0.0209,23.13,3.73,67.89,6.93,0.2471,0.7318,0.4388,0.0471,0.44,0.65,1.6971,PKI,2018-09-30
,1504216327,1504216327,1,66164000000,18465000000,69085000000,15387000000,-2921000000,0,0,42343000000,36487000000,8236000000,2747000000,2735000000,1.81,1.81,0.96,4524000000,-963000000,916000000,4468000000,8015000000,282000000,93.5,100.23,86.76,,0.1129,-1.94,,23.09,13.15,0.6693,,,0.234,0.48,2.82,1.2,ABBV,2018-09-30
,136072105,136072105,1,10986000000,1603000000,5467000000,1389000000,5317000000,202000000,0,7615000000,3394000000,1889000000,213000000,212000000,1.56,1.53,0.5,402000000,-125000000,-146000000,131000000,263000000,81000000,110.05,115.64,104.45,0.1679,0.0804,39.07,2.88,18.94,12.93,0.3085,0.6383,0.484,0.1127,0.71,2.36,1.1541,DGX,2018-09-30
,232115972,232115972,1,8108043000,1998615000,3596134000,969901000,4511909000,0,0,5365217000,1832547000,1192962000,191213000,191213000,0.83,0.82,0.14,248813000,-22525000,-261680000,-38972000,518721000,18923000,76.36,81.92,70.79,0.1885,0.1003,19.44,4.08,23.14,3.34,0.1468,0.4062,0.5565,0.1706,0.59,0.99,2.0606,AME,2018-09-30
,164950105,164950105,1,2141388000,782637000,1134717000,402962000,1006588000,83000,0,147973000,245932000,417346000,24976000,24976000,0.15,0.15,0.04,38707000,-62155000,-6740000,-30255000,224390000,16454000,24.15,26.85,21.45,0.0142,0.0065,6.1,4.07,201.25,8.39,1.9272,0.2443,0.4701,0.0079,0.82,0.13,1.9422,NYT,2018-09-30
,4233807170,4233807170,1,354628000000,53975000000,157797000000,65288000000,190365000000,6466000000,0,0,20624000000,74187000000,6240000000,6240000000,1.46,1.46,0.82,11108000000,-3907000000,-4959000000,2239000000,5669000000,5204000000,81.94,87.36,76.51,0.1233,0.0663,44.96,1.85,16.69,38.74,0.5799,0.1083,0.5368,0.0907,0.73,1.39,0.8267,XOM,2018-09-30
,208272716,208272716,1,9716400000,3490600000,5546200000,2099600000,4066400000,103800000,0,2306600000,2085600000,2478500000,203800000,203800000,0.98,0.98,0.17,251100000,-126400000,-107700000,-100000,361800000,125200000,44.46,46.97,41.95,0.1417,0.0564,19.52,2.34,17.44,4.41,0.2569,0.5129,0.4185,0.0526,1.07,0.6,1.6625,BWA,2018-09-30
,699251840,699251840,1,34215000000,7827000000,29355000000,3683000000,4860000000,0,0,24346000000,19742000000,3892000000,1082000000,1082000000,1.54,1.5,0,1924000000,-31000000,-913000000,977000000,2480000000,64000000,86.72,95.3,78.15,0.5736,0.0883,6.95,17.77,23.63,0,0,4.0621,0.142,0.1984,0.45,2.66,2.1252,CELG,2018-09-30
,44984959,44984959,1,6417100000,1678600000,4811200000,1069800000,1079000000,526900000,0,3893000000,2937400000,756700000,17000000,-2600000,-0.06,-0.06,0.545,-36000000,4100000,-261200000,-293600000,144000000,7500000,52.19,56.08,48.3,0.0452,0.0146,23.99,2.13,37.01,21.48,1.9158,2.7223,0.1681,0.0193,0.46,-0.97,1.5691,MDP,2018-09-30
,1453835415,1453835415,1,63918000000,8722000000,38386000000,15508000000,25457000000,75000000,0,39036000000,14852000000,6288000000,1194000000,1194000000,0.81,0.81,0.26,703000000,-161000000,-396000000,127000000,1373000000,161000000,42.44,44.35,40.52,0.1262,0.0512,17.51,2.47,21.01,29.85,0.4152,0.5834,0.3983,0.1246,0.41,0.37,0.5624,KFT,2018-09-30
,414850442,414850442,1,32644000000,1249000000,20349000000,1304000000,12295000000,0,0,15694000000,16313000000,1375000000,164000000,136000000,0.33,0.33,1.05,664000000,-503000000,-44000000,117000000,453000000,478000000,110.86,114.81,106.91,0.0355,0.0172,29.64,3.66,116.69,15.87,3.9076,1.3268,0.3766,0.0847,0.16,0.45,0.9578,CCI,2018-09-30
,218748493,218748493,1,62249800000,,53731600000,,8518200000,0,0,346000000,2983500000,2927800000,-284700000,-284700000,-1.3,-1.3,0.26,387300000,14200000,-286800000,114700000,214200000,36000000,37.92,41.28,34.57,0.0584,0.0086,38.94,0.88,7.87,11.05,0.3861,0.3503,0.1368,0.0468,0.18,1.61,,UNM,2018-09-30
,140668441,140668441,1,9147976000,5584161000,5948047000,3662103000,3043024000,156905000,0,553294000,1667359000,4657956000,96025000,77345000,0.55,0.55,0.21,121315000,-155728000,32074000,-2164000,1679796000,17442000,53.95,59.99,47.9,0.0756,0.032,21.63,2.49,30.31,9.8,0.5022,0.5479,0.3326,0.0121,2.1,0.74,1.5249,FLR,2018-09-30
,149188011,149188011,1,7836189000,2794046000,6586917000,2758826000,1234902000,14370000,0,2685152000,3253879000,2079593000,263713000,263713000,1.29,1.25,0.722,289979000,92041000,-24143000,356435000,823787000,74766000,98.64,106.76,90.52,0.8307,0.1453,8.28,13.97,20.42,28.49,0.5097,2.6349,0.1576,0.1119,1.1,1.44,1.0128,HSY,2018-09-30
,195376222,195376222,1,61421000000,38544000000,50472000000,38863000000,9326000000,1623000000,0,14755000000,6568000000,53075000000,499000000,499000000,2.52,2.51,0,1379000000,-108000000,-1343000000,-81000000,2118000000,103000000,131.18,139.86,122.49,0.0117,0.0019,47.73,2.79,,13.59,2.5819,0.7043,0.1518,6e-4,3.41,6.53,0.9918,MCK,2018-09-30
,800984201,800984201,1,114939000000,40204000000,80564000000,26504000000,32106000000,2269000000,0,43380000000,38275000000,16510000000,1238000000,1238000000,1.56,1.54,0.7,1762000000,-781000000,11050000000,11938000000,23044000000,534000000,133.63,144.15,123.1,0.1611,0.0483,40.08,3.41,21.04,30.45,0.4499,1.1921,0.2793,0.0776,0.62,1.53,1.5169,UTX,2018-09-30
,876046271,876046271,1,25751000000,11436000000,16734000000,4953000000,8998000000,19000000,0,2800000000,10424000000,6172000000,435000000,435000000,0.5,0.5,0.18,777000000,-2000000,-751000000,-1000000,2057000000,372000000,41.39,47.03,35.75,0.0195,0.0066,10.27,4.13,376.27,9.33,3.7573,1.1585,0.3494,0.007,0.94,0.46,2.3089,HAL,2018-09-30
,35585949,35585949,1,1590500000,816600000,912200000,466500000,678300000,0,0,435300000,264500000,450100000,11500000,11500000,0.32,0.32,0,-160100000,168800000,-1100000,6900000,90600000,2400000,24.64,28.11,21.18,0.0688,0.0287,19.06,1.31,19.87,65.87,0,0.3899,0.4265,0.0256,1.12,-4.57,1.7505,MTW,2018-09-30
,20673921,20673921,1,148071000,119128000,18230000,17045000,129841000,0,9000,860000,0,71396000,10752000,10752000,0.53,0.52,0.27,-1632000,-144000,-5653000,-7429000,87132000,144000,38.78,44.69,32.87,0.3553,0.2982,6.28,6.47,19.49,7.1,0.4703,0,0.8768,0.1488,2,-0.09,6.989,PETS,2018-09-30
,120575077,120575077,1,7134000000,887500000,3892500000,744200000,3184500000,57000000,0,5390500000,2629400000,834200000,38400000,38400000,0.32,0.32,0.39,152600000,-175800000,-51000000,-74000000,253400000,83800000,129.77,138.69,120.85,0.1389,0.0623,26.41,4.85,31.27,30.97,0.4206,0.8257,0.4464,0.1307,0.48,0.57,1.1926,EFX,2018-09-30
,146759273,146759273,1,12657119000,7550495000,8994040000,5661189000,3611054000,52025000,0,3518470000,2463452000,4722922000,220227000,220227000,1.5,1.49,0.72,470451000,-98239000,-366169000,3964000,359105000,26796000,96.43,102.49,90.37,0.2085,0.0581,24.61,4.03,21.19,38.31,0.5674,0.6822,0.2853,0.0399,1.46,3.02,1.3337,GPC,2018-09-30
,4707244168,4707244168,1,1872981000000,,1673302000000,,198741000000,938000000,23482000000,28665000000,221360000000,21941000000,6007000000,5453000000,1.14,1.13,0.43,6658000000,-220000000,-10364000000,-3926000000,159523000000,0,55.97,59.52,52.41,0.1168,0.0119,37.23,1.5,14.1,19.76,0.3689,1.263,0.0936,0.2381,0.05,1.41,,WFC,2018-09-30
,1178359088,1178359088,1,43724000000,33990000000,28609000000,26640000000,15115000000,0,0,6738000000,0,173000000,436000000,436000000,0.37,0.36,0,4670000000,154000000,1049000000,5847000000,13769000000,223000000,87.5,93.7,81.3,0.1378,0.0497,12.83,6.9,52.4,0,0,0,0.3457,0.1827,0.27,3.77,1.2759,PYPL,2018-09-30
,223096632,223096632,1,13843600000,3248400000,4673900000,1027400000,9169700000,0,0,8751000000,2533300000,1026500000,330900000,330900000,1.48,1.47,0,387100000,104700000,11000000,498300000,1231100000,41200000,127.59,140.77,114.4,0.017,0.0112,41.1,3.24,,0,0,0.2763,0.6624,0.0391,0.29,1.55,3.1618,ALXN,2018-09-30
,349435196,349435196,1,25103400000,,15932400000,,9171000000,0,0,0,0,5756800000,545300000,545300000,1.55,1.55,0.28,728700000,-531300000,214900000,407200000,2914000000,311900000,66.36,72.89,59.82,0.2553,0.0915,26.25,2.65,11.34,25.39,0.36,0,0.3653,0.0973,0.94,1.19,,PCAR,2018-09-30
,83560018,83560018,1,3056111000,1127567000,507565000,415439000,2548546000,0,0,1795131000,0,289418000,89336000,89336000,1.06,1.04,0,109961000,-6360000,-66074000,33286000,729180000,6326000,178.97,190.45,167.5,0.1313,0.1061,30.5,6.02,50.99,0,0,0,0.8339,0.27,0.39,1.24,2.7142,ANSS,2018-09-30
,583144753,583144753,1,45543700000,,33467500000,,11858800000,217400000,493900000,765300000,0,8495800000,928400000,921700000,1.58,1.57,0,1718200000,-1700400000,-52800000,-35000000,122700000,61400000,64.95,71.61,58.3,0.2842,0.0693,19.49,3.6,17.23,10.57,0.2239,0,0.2495,0.0938,0.74,2.84,,PGR,2018-09-30
,213604724,213604724,1,303850000000,,288780000000,,15070000000,0,0,1757000000,0,4264000000,490000000,490000000,2.27,2.24,0.33,402000000,-1867000000,1150000000,-315000000,1460000000,0,66.53,71.2,61.87,0.1295,0.0071,70.55,0.95,7.49,24.2,0.1391,0,0.0496,0.1322,0.05,1.88,,LNC,2018-09-30
,212808148,212808148,1,2519947000,1700359000,717048000,422489000,1802899000,0,0,376341000,17224000,449683000,29176000,29176000,0.14,0.14,0,199148000,-17876000,2437000,183671000,1113188000,24821000,68.13,74.81,61.45,-0.0643,-0.0459,8.47,8.36,,0,,0.0096,0.7155,,0.75,0.82,4.0246,INCY,2018-09-30
,327400000,327400000,1,57103000000,19371000000,38540000000,16670000000,18291000000,272000000,0,11634000000,7782000000,15484000000,1000000000,1000000000,3.05,3.03,0.5,-700000000,197000000,-175000000,-678000000,6769000000,117000000,195.06,206.66,183.47,0.2166,0.0638,55.87,3.67,18.4,8.61,0.2008,0.4255,0.3203,0.0599,1.07,-2.5,1.162,AET,2018-09-30
,500757037,500757037,1,102121000000,,87500000000,,12798000000,1823000000,0,355000000,4051000000,2143000000,146000000,146000000,0.29,0.29,0,412000000,267000000,-407000000,262000000,2505000000,0,4.37,4.75,3.98,0.0614,0.0077,25.56,0.17,2.88,1.36,0,0.3165,0.1253,0.0989,0.08,0.82,,GNW,2018-09-30
,1632198774,1632198774,1,33734000000,14869000000,19984000000,9694000000,13640000000,110000000,0,7793000000,5687000000,5691000000,1901000000,1901000000,1.16,1.16,0.4,1279000000,-147000000,-720000000,409000000,5408000000,224000000,58.55,62.62,54.48,0.1134,0.0431,8.36,7.75,278.81,32.53,1.8244,0.4169,0.4043,0.065,0.66,0.65,1.5338,BMY,2018-09-30
,181925024,181925024,1,35292000000,3103000000,24602000000,2117000000,10207000000,483000000,0,3157000000,13620000000,3550000000,334000000,333000000,1.84,1.84,0,614000000,-956000000,360000000,18000000,104000000,423000000,108.09,114.31,101.88,0.1231,0.0354,56.11,2,16.92,53.19,0.5285,1.3344,0.2892,0.0884,0.4,1.05,1.4658,DTE,2018-09-30
,169950947,169950947,1,3025200000,1598700000,1269000000,738900000,1756200000,0,0,812600000,193300000,754100000,104600000,104600000,0.61,0.61,0.18,116000000,-19700000,-123300000,-27000000,233000000,19000000,57.33,61.44,53.21,0.1991,0.1097,10.33,5.65,30.17,4.4,0.3409,0.1101,0.5805,0.1083,1.01,0.57,2.1636,AOS,2018-09-30
,296149755,296149755,1,46963000000,19958000000,34208000000,15689000000,12755000000,0,0,22153000000,11403000000,9094000000,851000000,851000000,2.88,2.85,0.93,,,,-858000000,1010000000,168000000,195.51,206.38,184.65,0.2562,0.0739,43.07,4.83,26.07,33.51,0.3505,0.894,0.2716,0.0901,0.82,,1.2721,GD,2018-09-30
,86233649,86233649,1,1544530000,704197000,1545893000,759537000,-1604000,241000,0,258466000,602416000,545448000,93251000,93251000,1.07,1.05,0,110708000,-54215000,-84294000,-27682000,146877000,31715000,235.75,256.22,215.28,,0.211,-0.02,,68.14,0,0,,,0.202,1.04,0.92,0.9271,IDXX,2018-09-30
,311418948,311418948,1,49544000000,3356000000,33646000000,5401000000,15887000000,11000000,0,571000000,15480000000,3328000000,435000000,435000000,1.4,1.39,0.72,560000000,-1081000000,-155000000,-676000000,245000000,1006000000,77.93,81.55,74.31,0.0994,0.0318,51.01,1.55,15.4,49.31,0.5695,0.9744,0.3207,0.126,0.25,-1.43,0.6214,ED,2018-09-30
,7676218736,7676218736,1,257619000000,164195000000,171652000000,56277000000,85967000000,0,0,43434000000,69733000000,29084000000,8824000000,8824000000,1.15,1.14,0.46,13657000000,-2953000000,-7384000000,3191000000,15137000000,3602000000,106.65,115.29,98,0.2307,0.0739,11.2,9.88,50.55,15.6,0.7021,0.8112,0.3337,0.1638,0.45,1.31,2.9176,MSFT,2018-09-30
,224105675,224105675,1,22487600000,11575300000,19313200000,13280100000,2381700000,792700000,0,9808000000,4357800000,3714300000,298900000,298900000,1.33,1.32,0.6,334300000,161100000,-274200000,185800000,2099100000,26400000,72.11,78.38,65.85,0.4753,0.0508,10.63,6.97,14.51,20.7,0.4601,1.8297,0.1059,0.0768,0.66,1.37,0.8716,OMC,2018-09-30
,2294243816,2294243816,1,184453000000,45405000000,84709000000,27680000000,98090000000,1654000000,0,90870000000,27293000000,20123000000,497000000,495000000,0.22,0.21,0,-323000000,-1049000000,-882000000,-2329000000,7476000000,1008000000,68.02,71.93,64.11,0.0209,0.0111,42.75,1.6,67.35,30.48,1.6918,0.2782,0.5318,0.0242,0.45,-0.58,1.6404,DOW,2018-09-30
,83513986,83513986,1,6372347000,2472894000,2974225000,893505000,2600482000,797640000,0,3196323000,1983993000,1104592000,145774000,145774000,1.75,1.49,0,291898000,-107911000,-157151000,26585000,1671761000,20417000,184.13,223.54,144.71,0.1853,0.0764,31.14,5.95,35.48,36.62,0,0.7629,0.4081,0.1139,0.67,3.25,2.7676,IACI,2018-09-30
,626158598,626158598,1,20390000000,6619000000,11400000000,6164000000,8947000000,43000000,0,9206000000,3137000000,4888000000,617000000,617000000,0.98,0.97,0.48,1024000000,-1788000000,-1532000000,-2318000000,1093000000,303000000,73.28,78.75,67.81,0.2577,0.1094,14.29,5.47,22.41,27.54,0.5533,0.3506,0.4388,0.1266,0.86,1.15,1.0738,EMR,2018-09-30
,287056618,287056618,1,3193900000,2225500000,878300000,416100000,2315600000,0,0,0,387500000,1279800000,197600000,197600000,0.69,0.69,0.4,184600000,-45000000,-144100000,-5800000,129700000,35000000,54.25,61.14,47.37,0.3339,0.2405,8.07,6.99,22.89,10.41,0.5703,0.1673,0.725,0.1525,1.58,0.52,5.3485,FAST,2018-09-30
,132348854,132348854,1,15425042000,5298082000,9317936000,3308521000,6101380000,5726000,0,7441245000,4313221000,3479294000,375899000,375711000,2.84,2.79,0.76,159388000,-15063000,-7247000,129985000,952122000,31137000,173.53,193.19,153.86,0.1972,0.0732,46.1,3.92,22.13,26.22,0.3159,0.7069,0.3956,0.0798,0.92,0.97,1.6013,PH,2018-09-30
,121475032,121475032,1,2034907000,1612400000,915665000,896280000,1119242000,0,0,214028000,509000,1466226000,115242000,115242000,0.96,0.95,0.28,185313000,-18082000,-112156000,53084000,361740000,9925000,72.1,79.91,64.3,0.3307,0.1903,9.21,7.96,26.31,8.62,0.3609,5e-4,0.55,0.0649,2.93,1.44,1.799,RHI,2018-09-30
,73700000,73700000,1,3339400000,2290100000,2364700000,1030100000,974100000,600000,0,280000000,1128200000,1228500000,38600000,38600000,0.52,0.51,0.1,-55200000,-12300000,26000000,-47600000,329500000,13300000,40.86,45.47,36.26,0.1137,0.0354,13.22,3.18,23.89,1.39,0.2402,1.1582,0.2917,0.0242,1.46,-0.93,2.2232,TEX,2018-09-30
,28504745,28504745,1,399508000,,162416000,,237092000,0,0,0,0,11257000,-9909000,-9909000,-0.36,-0.36,0.21,4477000,0,-4927000,-450000,1971000,0,9.45,9.87,9.02,0.0794,0.0456,8.32,1.07,7.38,18.61,1.2369,0,0.5935,0.4091,0.11,0.16,,GLAD,2018-09-30
,51024602,51024602,1,2328000000,1207200000,3531800000,842200000,-1236000000,32200000,0,178100000,640100000,688300000,6100000,6100000,0.12,0.12,0,-15500000,-45500000,-1000000,-67200000,533900000,48200000,16.6,20.95,12.25,,0.0414,-24.22,,19.08,0,0,,,0.036,1.15,-1.25,1.4334,UIS,2018-09-30
,250900000,250900000,1,9383000000,3628000000,6940000000,2517000000,905000000,1538000000,0,4964000000,3661000000,1546000000,495000000,495000000,1.97,1.95,0.5,498000000,-41000000,-175000000,268000000,2203000000,28000000,206.32,217.31,195.34,,0.1872,3.61,88.93,32.34,19.76,0.2814,4.0453,0.0965,0.2708,0.69,1.87,1.4414,MHP,2018-09-30
,146516834,146516834,1,7191174000,3378122000,3366940000,1816184000,3822818000,1416000,0,1912139000,956541000,2985281000,124551000,124551000,0.82,0.81,0,39104000,-136431000,90963000,-6563000,118174000,68502000,34.1,35.59,32.61,0.0937,0.0521,26.09,1.38,17.14,0,0,0.2502,0.5316,0.0332,1.55,-0.2,1.86,PWR,2018-09-30
,461424528,461424528,1,380080000000,,332978000000,,47058000000,44000000,0,9218000000,57955000000,4357000000,1400000000,1319000000,2.84,2.82,0.95,1164000000,805000000,-2146000000,-177000000,5248000000,0,140.37,147.23,133.5,0.1227,0.016,101.98,1.39,12.24,44.54,0.2582,1.2316,0.1238,0.3389,0.04,2.52,,PNC,2018-09-30
,8698115000,8698115000,1,311691000000,,263468000000,,31454000000,16769000000,6000000,79215000000,97060000000,29573000000,-22769000000,-22808000000,-2.62,-2.62,0.12,-2381000000,5024000000,-3413000000,-924000000,27364000000,759000000,12.75,14.29,11.21,-0.6425,-0.0942,3.62,2.01,,17.1,,3.0864,0.1009,,0.34,-0.36,,GE,2018-09-30
,325811206,325811206,1,53563000000,3383000000,39274000000,4719000000,14289000000,0,0,78000000,14629000000,4269000000,513000000,513000000,1.57,1.57,0.605,1054000000,-1025000000,-57000000,-28000000,79000000,1082000000,66.74,70.62,62.86,0.033,0.0107,43.86,1.56,52.55,28.35,1.7031,1.0238,0.2668,0.0359,0.24,-0.09,0.7169,EIX,2018-09-30
,72027109,72027109,1,2276200000,174600000,919600000,120700000,1343300000,13300000,0,178200000,741300000,119400000,14800000,14800000,0.21,0.2,0,10900000,-600000,-12300000,-2000000,7700000,7600000,23.81,25.43,22.19,0.2388,0.1215,18.65,1.29,7.76,14.89,3.6054,0.5518,0.5902,0.5921,0.21,0.05,1.4466,ALEX,2018-09-30
,1879045481,1879045481,1,43953000000,5165000000,28419000000,8646000000,15494000000,40000000,0,17692000000,11896000000,6837000000,1943000000,1943000000,1.03,1.03,0,2716000000,-56000000,-1691000000,969000000,2492000000,60000000,59.61,64.04,55.18,0.6883,0.2452,8.25,7.11,10.72,122.13,0.2415,0.7678,0.3525,0.4212,0.58,1.41,0.5974,MO,2018-09-30
,579028009,579028009,1,15274000000,8727000000,4296000000,2693000000,10978000000,0,0,4058000000,624000000,4078000000,477000000,477000000,0.82,0.82,0.2,862000000,-266000000,-146000000,438000000,1339000000,94000000,78.69,83.35,74.02,0.1326,0.0951,18.96,4.29,31.86,1.05,0.3047,0.0568,0.7187,0.0907,1.05,1.33,3.2406,CTSH,2018-09-30
,161698314,161698314,1,71448000000,,63662000000,,7786000000,0,0,0,6418000000,833000000,318000000,316000000,1.89,1.86,0.6,353000000,743000000,-917000000,179000000,5839000000,0,94.63,100.64,88.63,0.1296,0.0144,48.15,2.01,17.65,32.33,0.2509,0.8243,0.109,0.313,0.05,2.18,,CMA,2018-09-30
,187621135,187621135,1,5913935000,2151100000,5662269000,1809351000,251666000,0,1000,2003250000,3076968000,832856000,76953000,76945000,0.41,0.41,0.1875,115592000,303511000,-346104000,70387000,760257000,40511000,8.09,9.3,6.88,,0.0427,1.34,7.78,6.13,25.84,0.5253,12.2264,0.0426,0.0766,0.56,0.4,1.1889,PBI,2018-09-30
,158698663,158698663,1,9940000000,2664000000,8873000000,2019000000,1067000000,0,0,2971000000,5487000000,1734000000,120000000,120000000,0.75,0.75,0,249000000,-134000000,-37000000,75000000,440000000,109000000,18.26,20.22,16.3,0.1367,0.0134,6.72,3.23,21.74,0,0,5.1425,0.1073,0.0191,0.7,0.88,1.3195,OI,2018-09-30
,560644375,560644375,1,39664000000,19465000000,20618000000,11648000000,18987000000,59000000,0,4065000000,6730000000,15800000000,536000000,536000000,0.95,0.94,0.33,-501000000,1027000000,72000000,598000000,2649000000,176000000,48.04,51.11,44.97,0.1222,0.0573,33.87,1.44,14.01,12.44,0.3248,0.3545,0.4787,0.0354,1.62,-1.21,1.6711,ADM,2018-09-30
,385470085,385470085,1,20414700000,4178000000,9761400000,2502400000,10441600000,211700000,0,1753000000,4523100000,2928100000,247500000,247500000,0.64,0.64,0.03,523800000,-243800000,-296400000,-27600000,1050900000,231700000,30.24,32.98,27.5,-0.0072,-0.0037,27.09,1.14,,7.53,,0.4332,0.5115,,0.46,0.76,1.6696,MOS,2018-09-30
,337285952,337285952,1,106542500000,5740200000,36021600000,6231900000,70507800000,13100000,0,97583800000,22231800000,3911400000,-37900000,-37900000,-0.11,-0.11,0.72,1443000000,504000000,-2431900000,-486800000,1187900000,45500000,178.58,193.8,163.36,0.0307,0.0209,209.04,0.85,,4.96,0.4358,0.3153,0.6618,0.1378,0.14,4.14,0.9211,WPI,2018-09-30
,10091822,10091822,1,81415000,68853000,18647000,16593000,62538000,230000,0,3526000,0,27199000,5176000,5176000,0.51,0.51,0.24,5629000,-35235000,-2422000,-32059000,6445000,338000,81.76,95,68.52,0.3127,0.2412,6.2,13.79,47.53,9.71,1.0802,0,0.7681,0.1739,1.39,0.52,4.1495,OFLX,2018-09-30
,95055763,95055763,1,2730100000,873300000,2131100000,486900000,596900000,2100000,0,1436400000,1452700000,711500000,116000000,116000000,1.22,1.21,0.21,141700000,-107400000,-26500000,6900000,196500000,10900000,83.73,91.58,75.89,0.636,0.1184,6.28,15.71,28.1,2.47,0.2409,2.4337,0.2186,0.1175,1.01,1.38,1.7936,ALLE,2018-09-30
,335964673,335964673,1,105842000000,,94826000000,,11016000000,0,563000000,417000000,26998000000,2724000000,720000000,705000000,2.05,2.05,0.4,1606000000,-3036000000,2120000000,690000000,16609000000,59000000,74.97,80.36,69.58,0.2305,0.0238,31.11,2.49,11.88,7.34,0.2097,2.5828,0.0988,0.227,0.1,4.6,,DFS,2018-09-30
,221659283,221659283,1,15316122000,727408000,9118032000,3052179000,6198090000,0,0,2206456000,5875252000,1858356000,470378000,470378000,2.12,2.11,0,466300000,-109990000,-274856000,81454000,286461000,110244000,52.13,58.09,46.16,0.1545,0.0607,27.96,2.03,14.36,0,0,0.9479,0.4047,0.1518,0.4,1.61,0.2383,NCLH,2018-09-30
,327488268,327488268,1,23694000000,3597000000,13528000000,2692000000,10081000000,85000000,0,16889000000,8998000000,2084000000,154000000,154000000,0.47,0.47,0.32,465000000,-159000000,-305000000,-12000000,632000000,148000000,106.53,110.83,102.23,0.1468,0.0637,30.78,3.36,25.01,28.79,0.2682,0.8926,0.4255,0.1789,0.36,0.97,1.3362,FIS,2018-09-30
,141050902,141050902,1,9010730000,,5722801000,,3044448000,243481000,0,0,4874861000,242198000,81241000,74028000,0.52,0.52,0.74,82311000,-9976000,-70747000,1588000,144100000,49910000,57.66,60.95,54.36,0.025,0.0102,21.58,2.65,360.38,53.18,5.1507,1.6012,0.3379,0.0835,0.11,0.23,,MAC,2018-09-30
,56529598,56529598,1,5161957000,1931490000,4617782000,769870000,263006000,281169000,0,1175139000,3118050000,696875000,111257000,111257000,1.96,1.93,0,193235000,-26463000,-28610000,148593000,564717000,23372000,61.74,66.66,56.82,,0.102,4.65,21.22,7.59,0,0,11.8554,0.051,0.1777,0.57,3,2.5089,AMCX,2018-09-30
,130856957,130856957,1,4605064000,2324667000,2974337000,1040080000,1613039000,17688000,0,1399632000,1504015000,952716000,28205000,28205000,0.22,0.21,0.19,83075000,-18738000,-45978000,12500000,529942000,15075000,48.17,56.86,39.48,-0.03,-0.0104,12.33,3.89,,6.54,,0.9324,0.3503,,0.82,0.52,2.2351,FLS,2018-09-30
,191600000,191600000,1,8439100000,2516200000,7833000000,1823600000,400100000,206000000,0,5178900000,4484000000,1080800000,310200000,310200000,1.62,1.59,0.44,307300000,-68500000,-512600000,-279700000,1034800000,25000000,177.53,187.97,167.09,,0.1247,2.09,139.79,31.59,11.34,0.3003,11.2072,0.0474,0.2385,0.52,1.47,1.3798,MCO,2018-09-30
,358319306,358319306,1,7824810000,,3099886000,,4672461000,52463000,0,0,2634176000,231898000,53025000,53025000,0.15,0.15,0.2,141031000,-341547000,230675000,30159000,272801000,328012000,28.5,29.48,27.52,0.111,0.0677,13.04,2.19,16.38,29.67,0.5602,0.5638,0.5971,0.603,0.11,-0.52,,DRE,2018-09-30
,960543238,960543238,1,18573000000,9468000000,8057000000,2382000000,10516000000,0,0,5069000000,4318000000,4261000000,1570000000,1558000000,1.61,1.58,0.62,2106000000,-1768000000,-1755000000,-1417000000,1502000000,370000000,109.6,116.95,102.25,0.4413,0.2594,10.95,10.02,25.14,13.38,0.5196,0.4106,0.5662,0.2939,0.88,1.81,3.9748,TXN,2018-09-30
,296569995,296569995,1,14143000000,2035000000,13563000000,2413000000,574000000,6000000,0,11355000000,7559000000,2253000000,162000000,162000000,0.55,0.54,0.15,382000000,-5000000,-174000000,195000000,700000000,91000000,79.16,83.49,74.84,,0.0974,1.94,42.56,18.11,12.33,0.1317,13.169,0.0406,0.1551,0.63,0.98,0.8433,HLT,2018-09-30
,340880302,340880302,1,12977116000,6378314000,8204725000,5485781000,4712956000,59435000,0,5046567000,1760003000,5260954000,290469000,290469000,0.86,0.85,0,594373000,-77467000,-479522000,24592000,627938000,44411000,47,50.43,43.56,0.191,0.0685,13.83,3.59,21.56,0,0,0.3734,0.3632,0.0432,1.59,1.61,1.1627,CBG,2018-09-30
,58745000,58745000,1,2349865000,739386000,901016000,459086000,1440035000,8814000,0,1160880000,289579000,284190000,-9530000,-9530000,-0.16,-0.16,0,78014000,-20419000,-54932000,1084000,445489000,15150000,50.13,56.45,43.8,0.0076,0.005,24.51,1.98,92.83,2.7,0,0.2011,0.6128,0.0105,0.48,1.07,1.6106,DV,2018-09-30
,142619243,142619243,1,18816000000,1420000000,13425000000,1164000000,5391000000,0,0,210000000,6735000000,926000000,98000000,67000000,0.47,0.47,0.1237,510000000,-146000000,-140000000,224000000,462000000,146000000,38.63,42.94,34.32,-0.0385,-0.0078,37.8,1.12,,41.64,,1.2493,0.2865,,0.23,2.55,1.2199,SCG,2018-09-30
,89253183,89253183,1,64190000000,,59026000000,,5164000000,0,0,230000000,1302000000,2008000000,204000000,204000000,2.3,2.26,0.35,454000000,-890000000,635000000,199000000,2009000000,0,110.16,115,105.31,0.1397,0.0117,57.86,1.93,18.8,23,0.6,0.2521,0.0804,0.0998,0.12,5.09,,AFG,2018-09-30
,143284861,143284861,1,37412924000,,30960578000,,6368461000,83885000,0,639097000,0,1962093000,262748000,262748000,1.81,1.77,0.3,914178000,-978286000,378078000,320555000,3500306000,37472000,92.59,97.62,87.56,0.1418,0.0235,44.45,2.19,17.47,10.25,0.1727,0,0.1702,0.1146,0.2,6.12,,RJF,2018-09-30
,357794566,357794566,1,7960547000,1539040000,4786054000,752392000,2931222000,243271000,6000,172976000,3737273000,779425000,-114577000,-118890000,-0.35,-0.35,0.06,-438000,-119743000,-124533000,-246397000,350993000,129497000,6.25,6.85,5.66,-0.2004,-0.0696,8.19,0.73,,1.26,,1.275,0.3682,,0.36,-0.36,2.0455,NBR,2018-09-30
,314190649,314190649,1,78725000000,,56839000000,,18952000000,2934000000,0,657000000,11311000000,3608000000,278000000,278000000,0.88,0.88,0.0625,1244000000,520000000,-1647000000,118000000,571000000,143000000,50.17,52.35,48,0.0678,0.016,60.32,0.84,14.33,5.16,0.0617,0.5968,0.2407,0.0894,0.18,3.5,,LTR,2018-09-30
,184675718,184675718,1,4620092000,,2645101000,,1970007000,4984000,525000000,88752000,2385002000,144095000,-8931000,-17313000,-0.09,-0.09,0.2,35714000,-34103000,-95135000,-93524000,13273000,27315000,14,14.93,13.06,-0.1548,-0.0448,7.82,1.2,,55.02,,1.6505,0.3128,,0.12,0.05,,DDR,2018-09-30
,239884829,239884829,1,16718000000,6741000000,11640000000,3933000000,4980000000,98000000,0,5943000000,5036000000,3817000000,378000000,378000000,1.56,1.55,0.48,536000000,-94000000,-365000000,83000000,1103000000,108000000,108.95,116.73,101.17,0.2375,0.073,20.76,5.4,18.85,25.06,0.3618,1.0112,0.2979,0.0805,0.91,1.78,1.714,PPG,2018-09-30
,284425688,284425688,1,45495000000,16859000000,44493000000,15204000000,943000000,59000000,0,14358000000,13486000000,14318000000,1473000000,1473000000,5.18,5.14,2,361000000,-344000000,-301000000,-284000000,897000000,339000000,319.76,348,291.52,,0.0686,3.32,219.01,35.29,61.26,0.7238,14.3012,0.0207,0.0578,1.19,0.08,1.1089,LMT,2018-09-30
,1293619612,1293619612,1,64305000000,34918000000,41298000000,10116000000,22861000000,146000000,0,20431000000,24570000000,5596000000,2097000000,2097000000,1.62,1.6,0.57,2212000000,2025000000,-2901000000,1335000000,14569000000,167000000,74.67,79.04,70.3,0.0742,0.0239,17.67,4.47,44.98,6.92,1.8265,1.0748,0.3555,0.0923,0.26,1.58,3.4518,GILD,2018-09-30
,164620141,164620141,1,5851100000,593700000,3709900000,1219200000,2141200000,0,0,4593400000,2044900000,598700000,166000000,166000000,1.01,0.99,0,226800000,66200000,-271400000,15600000,147600000,55200000,114.67,122.8,106.55,0.3157,0.1088,13.01,9.11,31.59,0,0,0.955,0.3659,0.2794,0.39,1.04,0.487,VRSK,2018-09-30
,493108827,493108827,1,67617400000,4692400000,48470100000,8426200000,19016800000,130500000,0,52500000,20922600000,4333100000,579700000,577600000,1.17,1.17,0.62,1925800000,-1449800000,74200000,550200000,937500000,1467000000,70.94,73.74,68.13,0.1053,0.0297,38.57,1.87,18.14,49.32,0.623,1.1002,0.2812,0.121,0.24,0.93,0.5569,AEP,2018-09-30
,100500180,100500180,1,1523657000,271622000,503549000,164301000,827364000,192744000,0,1160824000,160000000,308616000,59608000,56773000,0.59,0.59,0.27,-50016000,-157932000,-50284000,-258232000,117523000,6503000,23.77,25.48,22.06,0.3554,0.2207,8.23,3.08,8.4,20.6,0.3765,0.1934,0.543,0.2519,0.84,-0.56,1.6532,FII,2018-09-30
,76860854,76860854,1,4499500000,1786300000,2859100000,656600000,1579900000,60500000,0,636300000,1693100000,881300000,71600000,71600000,0.93,0.91,0.28,137200000,-774300000,649400000,8400000,155000000,22300000,47.55,52.45,42.65,0.1797,0.0726,20.56,2.41,14.77,17.86,0.3128,1.0717,0.3511,0.0789,0.92,1.49,2.7205,TKR,2018-09-30
,413000000,413000000,1,822748000000,,775666000000,,46725000000,357000000,0,0,17421000000,16148000000,1672000000,1653000000,3.97,3.9,0.9,3593000000,-6452000000,400000000,-2456000000,12604000000,0,98.74,104.98,92.5,0.1377,0.0085,113.14,0.85,5.71,24.73,0.2085,0.3728,0.0568,0.1137,0.07,8.7,,PRU,2018-09-30
,203976311,203976311,1,25382000000,4513300000,13159000000,2391200000,12216800000,6200000,0,18421000000,8597400000,1836700000,162200000,162200000,0.8,0.79,0.24,484100000,-138900000,-297700000,43400000,524600000,139100000,122.27,134.55,109.98,0.1461,0.0674,59.89,2.07,14.78,5.92,0.1114,0.7037,0.4813,0.2209,0.31,1.69,1.8875,ZMH,2018-09-30
,1000922469,1000922469,1,8838000000,3730000000,10346000000,2299000000,-1553000000,45000000,0,2824000000,7626000000,1444000000,-199000000,-199000000,-0.2,-0.2,0,-32000000,-27000000,51000000,-22000000,393000000,27000000,2.86,3.63,2.09,,-0.2868,-1.55,,,0,,,,,0.63,-0.06,1.6224,WFT,2018-09-30
,655615619,655615619,1,141685000000,,125835000000,,15830000000,20000000,1331000000,2490000000,14460000000,1606000000,433000000,418000000,0.62,0.61,0.18,634000000,-1385000000,799000000,48000000,2100000000,-8000000,28.87,30.31,27.43,0.1455,0.0158,22.12,1.29,7.62,16.6,0.2129,0.9973,0.1023,0.3168,0.05,0.98,,FITB,2018-09-30
,272464412,272464412,1,44837000000,8671000000,35368000000,13684000000,9469000000,0,0,7905000000,13334000000,11003000000,836000000,836000000,3.07,3.06,0,905000000,-886000000,-284000000,-265000000,2726000000,848000000,79.66,91.39,67.94,0.255,0.0511,34.75,2.51,11.22,2.15,0,1.4082,0.2112,0.0558,0.92,0.21,0.6337,UAL,2018-09-30
,254426000,254426000,1,28661329000,1234658000,12443937000,2646076000,11000175000,5217217000,0,2672901000,7336570000,1158870000,-39693000,-39693000,-0.15,-0.15,0.03,904266000,-957222000,-640221000,-693177000,4855000,2323399000,50.75,57.34,44.15,-0.0275,-0.0114,43.24,1.15,,11.56,,0.667,0.3838,,0.17,-5.58,0.4666,EQT,2018-09-30
,742062448,742062448,1,12155000000,,4590000000,,7322000000,243000000,0,0,4079000000,1299000000,322000000,322000000,0.43,0.43,0.2,286000000,649000000,-306000000,629000000,1475000000,-643000000,21.02,22.06,19.98,0.1228,0.073,9.87,2.19,23.62,9.92,0.7619,0.5571,0.6024,0.1591,0.46,1.25,,HST,2018-09-30
,240654698,240654698,1,8530600000,,1209500000,,6460500000,860600000,0,665700000,0,1238700000,583000000,569300000,2.34,2.3,0.7,557100000,113600000,-74900000,600000000,2196300000,42900000,116.42,125.35,107.49,0.2946,0.234,26.85,4.63,17.99,22.74,0.3617,0,0.7573,0.3945,0.58,2.14,,TROW,2018-09-30
,91400522,91400522,1,2354462000,938641000,1770128000,645545000,572452000,11882000,0,349479000,886002000,1894066000,-26424000,-26424000,-0.29,-0.29,0.09,-962000,-24723000,22036000,-3649000,21785000,24723000,9.1,11.14,7.06,-0.0233,-0.006,6.26,1.37,65,65.85,,1.5477,0.2431,,3.21,-0.28,1.454,DF,2018-09-30
,68594784,68594784,1,2698898000,,935392000,,1763506000,0,0,934311000,297340000,953071000,43720000,43720000,0.64,0.62,0.03,96215000,-148845000,-6781000,-59337000,34986000,19003000,48.86,56,41.73,0.1785,0.1163,25.71,1.94,12,0.9,0.0267,0.1686,0.6534,0.0839,1.39,1.13,,AAN,2018-09-30
,5780474578,5780474578,1,167838000000,41583000000,96173000000,29013000000,71319000000,346000000,20000000,100920000000,33652000000,13298000000,4114000000,4114000000,0.7,0.69,0.34,5257000000,-2904000000,-1406000000,847000000,3658000000,562000000,40.23,44.45,36,0.3373,0.1424,12.33,3.38,10.59,18.55,0.3297,0.472,0.4248,0.4463,0.32,0.81,1.4333,PFE,2018-09-30
,245656287,245656287,1,18304500000,6082600000,10961300000,4324000000,7308100000,35100000,0,9668700000,3739800000,4030900000,515100000,515100000,2.1,2.07,0,519700000,-75700000,-377500000,53000000,1022500000,87800000,96.41,104.55,88.26,0.218,0.0843,29.75,3.48,17.47,26.74,0.3009,0.5117,0.3993,0.1003,0.84,1.76,1.4067,IR,2018-09-30
,79984381,79984381,1,1928405000,1224182000,735422000,618209000,1192983000,0,0,83607000,0,505289000,100872000,100872000,1.26,1.24,0,96265000,-78024000,-144406000,-127132000,421449000,53738000,365.44,398.88,332.01,0.2671,0.1691,14.92,24.07,101.51,0,0,0,0.6186,0.1689,1,0.53,1.9802,ALGN,2018-09-30
,1033870240,1033870240,1,124578000000,,109808000000,,14770000000,0,820000000,4951000000,14428000000,1461000000,564000000,548000000,0.5,0.5,0.14,611000000,-1120000000,-282000000,-791000000,3495000000,55000000,18.53,19.99,17.07,0.1095,0.0136,13.49,1.37,15.57,7.49,0.2747,1.0343,0.112,0.2228,0.06,0.54,,RF,2018-09-30
,66065097,66065097,1,12518143000,,6045450000,,6316961000,155732000,0,0,5643175000,350917000,86110000,80975000,1.23,1.22,1.86,257616000,-76816000,-183750000,-2950000,174626000,101000000,239,250.94,227.05,0.0594,0.0313,95.62,2.48,42.15,88.02,1.2878,0.8933,0.5046,0.2701,0.11,2.37,,ESS,2018-09-30
,345154400,345154400,1,9100300000,4290700000,4449400000,1740500000,4650900000,0,0,3209300000,1788600000,1179800000,223800000,223800000,0.65,0.64,0.18,207300000,-353300000,-37700000,-189200000,2522800000,31600000,27.59,30.19,25,0.0501,0.0244,13.47,2.15,59.98,1.94,0.9771,0.3846,0.5111,0.0482,0.51,0.51,2.4652,JNPR,2018-09-30
,147000000,147000000,1,6759000000,4262000000,2947000000,1735000000,3503000000,309000000,0,1026000000,1114000000,853000000,199000000,199000000,1.35,1.33,0,292000000,-940000000,651000000,2000000,1346000000,64000000,323.63,372.61,274.66,0.2186,0.1169,23.83,14.6,73.39,0,0,0.318,0.5183,0.2109,0.55,1.55,2.4565,ILMN,2018-09-30
,59697669,59697669,1,12824200000,,10048400000,,2772900000,2900000,0,26700000,424700000,674400000,-15000000,-22600000,-0.38,-0.38,0,-11400000,22100000,-36700000,-44100000,1026600000,7900000,39.2,41.95,36.45,-0.0755,-0.0135,46.45,0.83,,9.35,,0.1532,0.2162,,0.19,-0.32,,AHL,2018-09-30
,567885369,567885369,1,114659000000,87686000000,115868000000,79417000000,-1289000000,80000000,0,8252000000,10487000000,25146000000,2351000000,2351000000,4.11,4.07,1.71,4559000000,-902000000,-3689000000,-33000000,8162000000,381000000,351.13,374.22,328.03,,0.0937,-2.27,,21.8,43.85,0.3903,,,0.1035,0.91,7.36,1.1041,BA,2018-09-30
,1034530422,1034530422,1,138805000000,,123595000000,,15208000000,2000000,1450000000,2854000000,13849000000,1602000000,482000000,482000000,0.45,0.45,0.17,386000000,-1424000000,573000000,-465000000,319000000,37000000,20.64,21.91,19.38,0.1112,0.0114,13.3,1.54,15.64,18.28,0.3353,1.0066,0.0991,0.2418,0.05,0.34,,KEY,2018-09-30
,341130300,341130300,1,23833000000,2803000000,21509000000,6051000000,2324000000,0,0,17470000000,8710000000,5049000000,483000000,483000000,1.39,1.38,0.41,695000000,-33000000,-652000000,10000000,413000000,50000000,126.72,134.12,119.32,0.5431,0.0704,6.81,15.47,28.93,9.09,0.3054,3.7478,0.0975,0.0795,0.89,1.89,0.4632,MAR,2018-09-30
,45039527,45039527,1,887165000,561599000,94211000,81979000,792954000,0,0,49449000,0,181778000,50127000,50127000,1.11,1.09,0,60560000,-49650000,4122000,15094000,76382000,23624000,399.75,455.4,344.11,0.2684,0.2377,17.61,24.8,111.66,0,0,0,0.8938,0.276,0.86,0.82,6.8505,ABMD,2018-09-30
,379543642,379543642,1,21870000000,2785000000,12924000000,2207000000,7612000000,1334000000,0,0,8053000000,1983000000,161000000,81000000,0.21,0.21,0.25,1006000000,-926000000,-459000000,-379000000,593000000,904000000,45.63,49.59,41.67,0.1163,0.0528,20.06,2.28,20.37,11.73,0.4349,1.0579,0.3481,0.1211,0.33,0.27,1.2619,APA,2018-09-30
,375644415,375644415,1,30249119000,,14579054000,,14307685000,1362380000,718498000,440936000,12304828000,1236379000,84226000,64384000,0.17,0.17,0.87,372724000,-2263544000,1899849000,8902000,281285000,3016722000,64.22,67.7,60.74,0.0398,0.0217,36.18,1.75,43.39,64.76,2.3808,0.9055,0.4492,0.1194,0.16,-7.04,,HCN,2018-09-30
,56175480,56175480,1,5354800000,2214600000,2170700000,956800000,3164400000,19700000,0,1151700000,944800000,980100000,163200000,163200000,2.9,2.85,0.82,129800000,-48600000,-71300000,9900000,122200000,30100000,172.23,189.46,155,0.2064,0.1197,56.33,3.14,16.45,32.74,0.292,0.2986,0.5909,0.1551,0.77,1.77,2.3146,SNA,2018-09-29
,151060094,151060094,1,20447700000,5555400000,12362600000,6052000000,8082200000,2900000,750000000,12554100000,2830600000,3494800000,247800000,247800000,1.67,1.65,0.66,191500000,-134400000,-97600000,-34700000,368700000,98100000,142.89,155.22,130.56,0.1324,0.0501,48.54,2.94,21.42,33.09,0.393,0.3861,0.3586,0.0722,0.69,0.62,0.9179,SWK,2018-09-29
,1219434812,1219434812,1,119730000000,7590000000,54152000000,7581000000,65385000000,193000000,0,103035000000,30998000000,6378000000,630000000,630000000,0.52,0.51,0.625,670000000,-94000000,-2536000000,-2008000000,1367000000,156000000,59.66,64.99,54.32,0.1577,0.086,53.62,1.11,6.84,8.38,0.2942,0.4741,0.5461,0.3956,0.22,0.42,1.0012,KHC,2018-09-29
,152437680,152437680,1,8390310000,4193952000,4691092000,3229785000,2973135000,726083000,0,3303882000,1000315000,3279678000,121478000,121478000,0.8,0.79,0,173868000,-71717000,-96248000,8419000,119740000,23106000,79.75,87.41,72.09,0.136,0.0494,19.5,4.19,30.09,0,0,0.3365,0.3544,0.03,1.65,0.99,1.2985,HSIC,2018-09-29
,253043435,253043435,1,5147536000,3965283000,2702650000,931538000,2444886000,0,0,426911000,1201884000,746252000,215712000,215712000,0.85,0.84,0.36,313123000,115898000,-131772000,297249000,1974638000,14174000,72.49,80.68,64.3,0.2467,0.1145,9.66,7.91,34.52,11.6,0.6172,0.4916,0.475,0.2133,0.54,1.18,4.2567,XLNX,2018-09-29
,49455528,49455528,1,1469531000,1148502000,939950000,571178000,526785000,2796000,0,32430000,269134000,608827000,5922000,5006000,0.1,0.1,0,-4938000,-3821000,-595000,-5814000,237802000,3821000,25.35,30.2,20.5,-0.2448,-0.084,10.65,2.43,,0,,0.5109,0.3585,,1.77,-0.18,2.0108,FOSL,2018-09-29
,4745398000,4745398000,1,365725000000,131339000000,258578000000,116866000000,107147000000,0,0,0,93735000000,62900000000,14125000000,14125000000,2.94,2.91,0.73,19523000000,-3001000000,-22580000000,-6058000000,25913000000,3041000000,206.54,229.67,183.42,0.4868,0.1599,22.58,8.68,18.74,13.14,0.2231,0.8748,0.293,0.2241,0.71,3.47,1.1238,AAPL,2018-09-29
,402576382,402576382,1,55078000000,9566000000,28188000000,5196000000,26890000000,0,0,40361000000,17760000000,5920000000,709000000,709000000,1.76,1.75,0.17,1220000000,-168000000,-876000000,155000000,1111000000,170000000,224.45,245,203.9,0.098,0.0459,66.79,3.42,37.98,7.45,0.1034,0.6605,0.4882,0.1075,0.43,2.61,1.841,TMO,2018-09-29
,80438149,80438149,1,6155500000,3693500000,2693500000,1241100000,3462000000,0,0,1103600000,906900000,1690900000,170300000,170300000,2.09,2.07,0.625,-17600000,94300000,-54100000,20700000,596500000,50800000,135.97,147.79,124.14,0.0695,0.0389,43.04,3.22,53.32,15.2,0.7638,0.262,0.5624,0.0382,1.02,-0.85,2.976,RL,2018-09-29
,1488670964,1488670964,1,98598000000,16825000000,44643000000,17860000000,48773000000,5182000000,0,38081000000,17226000000,14307000000,2322000000,2322000000,1.55,1.54,0.84,3853000000,-193000000,-3862000000,-176000000,4155000000,1201000000,110.7,117.9,103.5,0.2749,0.1282,32.76,3.57,13.96,18.79,0.3981,0.3532,0.4947,0.212,0.6,1.78,0.942,DIS,2018-09-29
,396806395,396806395,1,11130425000,5417954000,6950869000,3508696000,4179556000,0,0,3846913000,2150595000,3907386000,507121000,507121000,1.28,1.26,0.46,-174193000,-89097000,146852000,-113710000,359439000,82479000,88.73,97,80.46,0.2167,0.0798,10.53,9.43,50.13,14.83,0.8781,0.5146,0.3755,0.0633,1.26,-0.65,1.5442,VFC,2018-09-29
,124905033,124905033,1,5947061000,1619770000,1314924000,462383000,4632137000,0,0,2173889000,735098000,884443000,32084000,32084000,0.26,0.25,0,214537000,-22795000,32344000,223884000,558268000,70102000,79.02,86.5,71.54,-0.0092,-0.0071,37.09,2.12,,0,,0.1587,0.7789,,0.5,1.16,3.5031,QRVO,2018-09-29
,329488284,329488284,1,6785400000,2386810000,1719670000,907025000,5065730000,0,0,1268779000,438781000,1340073000,169381000,169381000,0.51,0.51,0,338454000,-350912000,4576000,-12354000,498614000,191059000,63.53,67.57,59.49,0.1702,0.1271,15.37,4.28,25.31,0,0,0.0866,0.7466,0.1572,0.81,0.45,2.6315,CERN,2018-09-29
,198077418,198077418,1,5095967000,2400619000,1143259000,854026000,3952708000,0,0,424776000,0,810011000,184214000,184214000,0.98,0.97,0.51,263719000,-52921000,-99690000,109675000,1056542000,30290000,65.42,70.75,60.09,0.1657,0.1289,19.96,3.45,20.51,19.66,0.6287,0,0.7757,0.1945,0.66,1.18,2.8109,GRMN,2018-09-29
,282142000,282142000,1,2273207000,888381000,1015790000,541321000,1257417000,0,0,899726000,345113000,532468000,99318000,99318000,0.36,0.35,0,109954000,-10656000,-366971000,-274955000,544585000,10656000,45.12,47.4,42.84,0.2036,0.096,4.46,10.74,58.6,0,0,0.2745,0.5531,0.1125,0.85,0.35,1.6411,CDNS,2018-09-29
,360732707,360732707,1,7455506000,3737205000,6584918000,2027128000,870588000,0,0,2838672000,3863580000,1848707000,171421000,171421000,0.47,0.47,0.15,205687000,-22893000,-163301000,196000,421707000,22893000,19.92,22.52,17.33,0.009,9e-4,2.41,9.35,181.09,2,31.5642,4.4379,0.1168,0.001,0.92,0.51,1.8436,HBI,2018-09-29
,242961492,242961492,1,14669000000,6912000000,9126000000,3423000000,5543000000,0,0,2209000000,3069000000,3200000000,563000000,563000000,2.29,2.26,0.02,299000000,740000000,-474000000,562000000,1293000000,74000000,68.19,72.87,63.5,0.1564,0.0585,22.81,3.16,38.09,10.11,0.0232,0.5537,0.3779,0.0611,0.96,0.93,2.0193,TXT,2018-09-29
,135856544,135856544,1,10942900000,2768800000,5282900000,1493500000,5659800000,200000,0,7001300000,3071000000,1133100000,-67500000,-67500000,-0.49,-0.49,0.19,144000000,-51500000,-175400000,-82300000,444200000,56300000,74.09,80.66,67.53,0.0205,0.0108,41.66,1.72,44.63,2.71,0.821,0.5426,0.5172,0.0254,0.42,0.65,1.8539,PRGO,2018-09-29
,313932540,313932540,1,17962893000,8844251000,7788472000,2807695000,9792137000,382284000,0,3041800000,4232760000,6742202000,676656000,673849000,2.13,2.13,0.38,1030867000,-266730000,-310275000,445702000,1932155000,252586000,64.89,68.84,60.93,0.2266,0.1245,31.19,2.19,12.43,23.29,0.2303,0.4323,0.5451,0.0876,1.42,2.48,3.15,NUE,2018-09-29
,228422336,228422336,1,1888800000,1026200000,1179200000,429600000,709600000,0,0,557700000,589800000,268500000,-15300000,-15300000,-0.07,-0.07,0,27600000,107000000,-138400000,-11000000,613300000,10500000,10.74,11.55,9.93,-0.0768,-0.0287,3.11,3.38,,0,,0.8312,0.3757,,0.48,0.07,2.3887,JDSU,2018-09-29
,4564000000,4564000000,1,128242000000,29590000000,56244000000,19574000000,71483000000,515000000,0,36513000000,24823000000,19163000000,6398000000,6398000000,1.4,1.38,0.6,8835000000,-3435000000,-4607000000,793000000,3407000000,3851000000,48.68,53.3,44.06,0.2162,0.1199,15.66,3.2,17.57,11.28,0.3648,0.3473,0.5574,0.2625,0.46,1.09,1.5117,INTC,2018-09-29
,289212857,289212857,1,7230900000,1723200000,4802100000,1402600000,2428800000,0,0,4931800000,2725500000,813500000,50500000,50500000,0.19,0.19,0,232400000,-107500000,-27900000,91300000,666700000,32100000,40.73,43.63,37.84,-0.0423,-0.015,8.4,4.53,,0,,1.1222,0.3359,,0.43,0.69,1.2286,HOLX,2018-09-29
,122068054,122068054,1,3220934000,1941708000,1725637000,974541000,1495297000,0,0,124492000,577195000,1881625000,116784000,116784000,0.96,0.95,0.31,79405000,-75257000,-2800000,1348000,71302000,75257000,83.69,92.45,74.93,0.3588,0.1634,12.25,7.25,21.68,5.43,0.2817,0.386,0.4642,0.0654,2.5,0.03,1.9924,TSCO,2018-09-29
,87172144,87172144,1,16978025000,12719431000,11675983000,7841458000,5252027000,50015000,0,0,3352128000,7490445000,176533000,176533000,2.02,1.99,0,494405000,-43624000,-313740000,143672000,474191000,38346000,76.67,80.53,72.82,0.1057,0.0325,60.25,1.31,13.72,0,0,0.6383,0.3093,0.0184,1.77,5.23,1.6221,ARW,2018-09-29
,999407216,999407216,1,4347000000,3314000000,3222000000,1878000000,1125000000,0,0,289000000,1167000000,1653000000,102000000,102000000,0.1,0.09,0,95000000,-8000000,8000000,95000000,1051000000,33000000,24.44,34.14,14.74,0.4324,0.0914,1.13,27.16,78.84,0,0,1.0373000000000001,0.2588,0.0551,1.66,0.06,1.7646,AMD,2018-09-29
,347021144,347021144,1,18114000000,3403000000,14499000000,4030000000,3048000000,567000000,0,9427000000,8715000000,3469000000,380000000,380000000,1.1,1.09,0.56,479000000,-124000000,-298000000,52000000,309000000,119000000,70.89,74.98,66.79,0.695,0.107,8.78,8.66,13.98,32.6,0.4088,2.8593,0.1683,0.1375,0.78,1.04,0.8444,K,2018-09-29
,68264736,68264736,1,4085133000,3014427000,2612289000,2401895000,1472844000,0,0,31218000,14346000,1876335000,782000,782000,0.01,0.01,0,60544000,-20639000,-24946000,14751000,419528000,20639000,29.3,31.45,27.15,-0.0646,-0.0246,21.58,1.35,,0,,0.0097,0.3605,,1.83,0.58,1.255,SANM,2018-09-29
,41114477,41114477,1,1390712000,999137000,664502000,515176000,723841000,2369000,0,38560000,72887000,1202081000,66985000,66985000,1.62,1.63,0.17,91176000,-3384000,-23047000,65333000,213974000,2601000,117.15,128.7,105.6,0.3682,0.1875,17.61,7.32,21.61,6.37,0.3442,0.1007,0.5205,0.0561,3.34,2.15,1.9394,LSTR,2018-09-29
,519787613,519787613,1,18542082000,8642256000,15866621000,6640952000,2638574000,36887000,0,4881486000,7914344000,15215279000,431042000,431042000,0.83,0.81,0.36,271145000,-99571000,68388000,237527000,953371000,100483000,70.88,75.98,65.78,0.612,0.0814,5.08,14.71,26.25,17.09,0.5017,2.9995,0.1423,0.0252,3.23,0.33,1.3014,SYY,2018-09-29
,547197827,547197827,1,6472000000,3010000000,4275000000,2228000000,2197000000,0,0,1342000000,887000000,2887000000,60000000,60000000,0.11,0.11,0.025,304000000,-76000000,-52000000,177000000,927000000,47000000,2.92,3.44,2.4,0.0306,0.0103,4.02,0.75,16.22,0.2,0.7966,0.4037,0.3395,0.006,1.71,0.47,1.351,ODP,2018-09-29
,163527868,163527868,1,8963000000,3664000000,10358000000,3088000000,-1411000000,16000000,0,2838000000,5095000000,1862000000,247000000,247000000,1.52,1.43,0.52,338000000,-40000000,-388000000,-90000000,851000000,46000000,122.65,130.34,114.95,,-0.0035,-8.63,,,68.25,,,,,0.8,1.79,1.1865,MOT,2018-09-29
,75745720,75745720,1,4043058000,2970769000,2166626000,448125000,1876432000,0,0,610703000,1148345000,578021000,141014000,141014000,1.84,1.83,0,146340000,51336000,-256212000,-52831000,689373000,27384000,193.8,202.78,184.81,0.0271,0.0123,24.77,7.56,317.7,0,0,0.612,0.4641,0.0232,0.53,1.57,6.6293,WAT,2018-09-29
,86710248,86710248,1,5181900000,2358800000,4134800000,2358200000,1047100000,0,0,1101700000,1295300000,1759700000,149500000,149500000,1.71,1.69,0.52,-21800000,-45300000,73900000,1800000,217600000,53100000,108.06,116.35,99.76,0.2956,0.0599,12.08,9.24,36.26,30.74,0.5463,1.237,0.2021,0.0436,1.37,-0.86,1.0003,AVY,2018-09-29
,11620352,11620352,1,623704000,220644000,189158000,131646000,434546000,0,0,3683000,0,306870000,38007000,38007000,3.25,3.21,0,54314000,-13244000,-48362000,-7292000,68887000,13282000,296.73,329.95,263.5,0.2334,0.1696,37.4,7.88,36.59,0,0,0,0.6967,0.1038,1.63,3.53,1.676,SAM,2018-09-29
,86740007,86740007,1,4210900000,1866200000,2652800000,1484600000,1558100000,0,0,1438700000,891000000,1298000000,70000000,70000000,0.8,0.8,0.19,33100000,-934600000,768200000,-133400000,311900000,28200000,65.8,69.82,61.78,0.0697,0.0292,17.96,3.8,51.41,10.58,0.63,0.5719,0.37,0.0223,1.31,0.06,1.257,BC,2018-09-29
,365111460,365111460,1,29109000000,5688000000,16298000000,5031000000,12803000000,8000000,0,16498000000,7962000000,9999000000,537000000,537000000,1.49,1.46,0.3,1039000000,-483000000,-455000000,100000000,270000000,313000000,62.8,68.81,56.79,0.2453,0.1062,35.07,1.85,8.06,6.37,0.1455,0.6219,0.4398,0.0755,1.41,1.99,1.1306,TSN,2018-09-29
,150232617,150232617,1,4107300000,1474100000,1924000000,997900000,2179700000,3600000,0,1955500000,504600000,1253800000,137600000,137600000,0.92,0.91,0,57400000,-21200000,-48700000,-14700000,155500000,49800000,69.76,75.96,63.56,0.2827,0.1438,14.51,5.11,16.45,0,0,0.2315,0.5307,0.1157,1.24,0.05,1.4772,KORS,2018-09-29
,74198945,74198945,1,13000926000,4548470000,5397922000,2957271000,7563756000,39248000,0,3466800000,1528551000,2545800000,227013000,226343000,3.03,3.02,0,273499000,-542489000,-156484000,-426875000,91351000,144595000,201.15,228.49,173.81,0.1189,0.0691,101.94,2.04,16.46,0,0,0.2021,0.5818,0.088,0.78,1.74,1.5381,MHK,2018-09-29
,3901202,3901202,1,50494500,21771400,62203200,13125600,-11708700,0,0,607500,48978500,19118500,8364300,8364300,2.15,2.01,0.15,9225500,-2033000,-7288200,-95700,1242200,7498300,164.1,187.1,141.1,,0.6165,-3,,24.86,12.22,0.0668,,,0.4113,1.5,0.44,1.6587,WINA,2018-09-29
,289795992,289795992,1,6703300000,2467500000,3393700000,899400000,3309600000,0,0,3213500000,1617400000,1381200000,122300000,122300000,0.42,0.42,0.3375,-19300000,-223000000,-94100000,-338700000,904700000,55200000,49.26,54.35,44.17,0.1701,0.0783,11.42,4.37,35.96,10.37,0.7238,0.4887,0.49370000000000003,0.09,0.87,-0.26,2.7435,COH,2018-09-29
,289424688,289424688,1,28705000000,10571000000,17330000000,4385000000,11375000000,0,0,12476000000,10930000000,5028000000,511000000,511000000,1.75,1.71,0.5,705000000,-259000000,-807000000,-359000000,4646000000,277000000,66.87,80.12,53.61,0.0444,0.0173,39.3,1.69,33.1,10.55,1.1659,0.9609,0.3963,0.0246,0.7,1.48,2.4107,WDC,2018-09-28
,638888439,638888439,1,16234000000,3418000000,10284000000,3411000000,5950000000,0,0,10761000000,4442000000,1175000000,-8000000,-8000000,-0.01,-0.01,0.075,240000000,-30000000,-59000000,146000000,2147000000,51000000,19.98,22.15,17.81,0.2224,0.0757,9.31,2.16,11.1,6.56,0.1593,0.7466,0.3665,0.2558,0.3,0.3,1.0021,SYMC,2018-09-28
,83313240,83313240,1,14908600000,2038200000,8305000000,922600000,6603600000,0,0,12260600000,6174000000,640000000,113800000,113800000,1.37,1.34,0,219300000,5100000,-169600000,55100000,309200000,26200000,27.48,36.65,18.31,0.264,0.1132,79.26,0.35,1.52,0,0,0.9349,0.4429,0.6524,0.17,2.32,2.2092,MNK,2018-09-28
,149760061,149760061,1,8908000000,2881000000,5451000000,2093000000,3454000000,3000000,0,5583000000,2985000000,2575000000,147000000,147000000,0.97,0.96,0.32,371000000,15000000,-134000000,252000000,575000000,25000000,65.44,72.3,58.59,0.1483,0.057,23.06,2.88,22.8,32.06,0.3809,0.8642,0.3877,0.0504,1.13,2.31,1.3765,SAI,2018-09-28
,343034000,343034000,1,20386000000,6199000000,9555000000,4410000000,10831000000,0,0,7388000000,3037000000,2999000000,1661000000,1661000000,4.77,4.7,0.44,924000000,-419000000,-420000000,78000000,848000000,245000000,91.58,95.79,87.37,0.2602,0.1325,31.57,3.36,24.29,11.16,0.228,0.2804,0.5313,0.1834,0.72,1.98,1.4057,TEL,2018-09-28
,4256513898,4256513898,1,86877000000,33413000000,66699000000,31430000000,18264000000,1914000000,0,16575000000,25523000000,8245000000,1880000000,1880000000,0.44,0.44,0.39,3004000000,1855000000,-3549000000,1170000000,9539000000,275000000,45.22,46.87,43.58,0.1535,0.0314,4.29,10.49,83.74,17.6,2.3317,1.3974,0.2102,0.087,0.36,0.64,1.0631,KO,2018-09-28
,333962913,333962913,1,13862800000,3414300000,8013700000,3479500000,5830300000,18800000,0,9243200000,3178000000,1840100000,245300000,245300000,0.65,0.64,0.07,386800000,-2850700000,1255700000,-1223100000,1145100000,35000000,82,88.34,75.67,0.2355,0.0969,17.46,5.09,25,0.63,0.0848,0.5451,0.4206,0.1572,0.62,1.05,0.9813,FTV,2018-09-28
,117658904,117658904,1,9889000000,2288000000,6645000000,1956000000,3244000000,0,0,6333000000,3410000000,1542000000,213000000,215000000,1.81,1.77,0.685,117000000,-31000000,-69000000,17000000,305000000,31000000,156.46,169.98,142.95,0.2435,0.0777,27.57,5.52,26.43,22.58,0.3659,1.0512,0.328,0.1225,0.64,0.73,1.1697,HRS,2018-09-28
,286201437,286201437,1,9578000000,4523000000,7732000000,3175000000,1846000000,0,0,1406000000,4322000000,2991000000,450000000,450000000,1.57,1.54,0.63,587000000,-176000000,-326000000,88000000,1945000000,171000000,52.86,59.66,46.06,0.9778,0.1579,6.45,9.11,13.05,16.11,0.4973,2.3413,0.1927,0.1257,1.26,1.45,1.4246,STX,2018-09-28
,700902703,700902703,1,47719500000,6830500000,20034300000,4465300000,27673400000,11800000,0,37849400000,10558000000,4853100000,663700000,663700000,0.95,0.93,0.16,919500000,-286700000,-732700000,-127800000,776200000,149400000,103.36,109.32,97.4,0.1018,0.0583,39.48,2.66,27.42,27.57,0.157,0.3815,0.5799,0.1407,0.41,1.1,1.5297,DHR,2018-09-28
,91116439,91116439,1,3252700000,2188400000,1664000000,1339700000,1584400000,4300000,0,394700000,0,801600000,116400000,116400000,1.27,1.24,0,108200000,-74100000,-65400000,-31200000,504800000,16900000,115.23,124.41,106.05,0.1013,0.046,17.39,7.05,92.18,5.79,0,0,0.4871,0.0514,0.9,1,1.6335,VAR,2018-09-28
,142263898,142263898,1,12645795000,4556584000,6701441000,3145693000,5854345000,90009000,0,6759813000,2146877000,4142644000,-37541000,-37431000,-0.26,-0.26,0.15,212202000,-37098000,-197366000,-31012000,793358000,28611000,70.35,77.91,62.79,0.0275,0.0129,41.15,1.67,32.12,1.05,0.5235,0.3667,0.4629,0.0109,1.19,1.29,1.4485,JEC,2018-09-28
,177531995,177531995,1,4828900000,2262200000,731900000,389700000,4097000000,0,0,1333500000,0,1008400000,285500000,285500000,1.6,1.58,0.38,207600000,-341200000,-291200000,-424800000,733300000,112300000,93.5,103.95,83.05,0.2275,0.1938,23.08,4.1,18.85,4.43,0.2628,0,0.8484,0.2374,0.82,0.54,5.805,SWKS,2018-09-28
,155182806,155182806,1,10957577000,7515873000,5575940000,2824965000,5322825000,58812000,0,1767562000,1805091000,2330691000,533360000,533360000,3.43,3.23,1.1,720286000,-672331000,-1990193000,-1944549000,2824009000,56098000,172.86,196.7,149.02,0.3752,0.1858,34.3,4.19,13.69,7.52,0.2185,0.3391,0.4858,0.2126,0.87,4.28,2.6605,LRCX,2018-09-23
,38718618,38718618,1,4056000000,1885000000,3621000000,1561000000,436000000,-1000000,0,891000000,1557000000,3512000000,-57000000,-57000000,-1.49,-1.49,0,48000000,-37000000,-13000000,-2000000,40000000,39000000,25.8,32.4,19.21,-0.0416,-0.0045,11.26,2.04,75.88,71.65,,3.5711,0.1075,,3.44,0.23,1.2076,SVU,2018-09-08
,1411568000,1411568000,1,73632000000,25842000000,63243000000,19704000000,10286000000,103000000,0,27798000000,30643000000,16485000000,2498000000,2498000000,1.77,1.75,0.9275,3645000000,1771000000,-7213000000,-1851000000,12043000000,557000000,111.63,118.44,104.83,0.4676,0.0631,7.29,15.61,34.78,38.12,0.99,2.9791,0.1397,0.0765,0.82,2.19,1.3115,PEP,2018-09-08
,138051459,138051459,1,7319863000,4276144000,4417455000,2444017000,2902408000,0,0,716283000,1492310000,2935018000,48639000,48639000,0.36,0.36,0.16,394022000,-139728000,-62617000,190651000,869297000,83728000,19.51,21.45,17.57,0.1215,0.0487,21.02,0.94,6.87,1.42,0.3106,0.5142,0.3965,0.0281,1.73,2.25,1.7496,BBBY,2018-09-01
,1066574198,1066574198,1,8165668000,4371662000,6709718000,2691597000,1455950000,0,0,2069175000,3508278000,5421362000,-359140000,-359140000,-0.34,-0.34,0,-272541000,-45645000,303562000,-14624000,132468000,102916000,1.7,2.12,1.27,0.4941,0.0764,1.37,1,1.44,2.3,0,2.4096,0.1783,0.0417,1.83,-0.35,1.6242,RAD,2018-09-01
,166138226,166138226,1,24097500000,3585500000,12562300000,2162500000,11268300000,266900000,0,11391500000,9187600000,2525700000,1149500000,1149500000,6.82,6.56,0.74,834500000,-335300000,-503700000,-3900000,206100000,157700000,216.56,234.26,198.85,0.3497,0.1507,67.82,3.92,16.26,6.4,0.1405,0.8153,0.4676,0.3818,0.39,4.07,1.658,STZ,2018-08-31
,174621243,174621243,1,18176505000,3022087000,14694387000,1283461000,3482118000,0,0,0,13177321000,4766035000,220890000,220890000,1.25,1.24,0,-119964000,-90531000,188438000,-22057000,599179000,91146000,75.38,81.67,69.09,0.2167,0.0413,19.94,3.93,19.89,0,0,3.7843,0.1916,0.0412,1,-1.21,2.3546,KMX,2018-08-31
,161878931,161878931,1,12045641000,7549923000,10082261000,7230873000,1950257000,13123000,0,906876000,2493502000,5771831000,-57314000,-57314000,-0.34,-0.34,0.08,738999000,-113563000,-39846000,580457000,1257949000,113563000,28.16,29.92,26.39,0.0395,0.0075,12.05,2.18,26.82,3.78,0.6272,1.2786,0.1619,0.0039,1.91,3.86,1.0441,JBL,2018-08-31
,1588108352,1588108352,1,22483000000,15501000000,13491000000,6708000000,8992000000,0,0,438000000,3467000000,9948000000,1092000000,1092000000,0.69,0.67,0.2,1301000000,-333000000,-1832000000,-967000000,3282000000,339000000,77.42,83.68,71.15,0.2057,0.0906,5.66,12.63,67.91,6.09,0.6195,0.3856,0.3999,0.0557,1.63,0.61,2.3108,NKE,2018-08-31
,394165229,394165229,1,16206300000,1114100000,8307800000,2563400000,7891600000,6900000,0,14438200000,4893800000,1001000000,104500000,104500000,0.26,0.26,0,346400000,-1930800000,1595300000,-4600000,154400000,53800000,50.66,55.15,46.17,0.0712,0.0378,20.02,2.56,34.46,0,0,0.6201,0.4869,0.1457,0.26,0.74,0.4346,INFO,2018-08-31
,131665195,131665195,1,10278000000,1474200000,7166000000,1855100000,3101700000,10300000,0,7435100000,4269800000,1345300000,173500000,173500000,1.32,1.3,0.52,154100000,-50200000,-231100000,-129600000,73000000,52700000,113.2,126.87,99.53,0.3047,0.0865,23.56,4.91,18.03,20.95,0.2978,1.3766,0.3018,0.1657,0.52,0.77,0.7947,MKC,2018-08-31
,175973678,175973678,1,4806868000,2577753000,3517064000,2094452000,1289804000,0,0,1491738000,512095000,822747000,86854000,86854000,0.49,0.46,0,132792000,87380000,-466039000,-264965000,1503515000,16911000,154.2,177.7,130.71,0.2054,0.0571,7.33,19.11,96.98,0,0,0.397,0.2683,0.0915,0.62,0.66,1.2308,RHT,2018-08-31
,88387928,88387928,1,4974689000,,2958740000,,2015949000,0,0,0,2063127000,1225347000,87476000,86992000,0.99,0.87,0.025,-30139000,4085000,-289524000,-315578000,354976000,710000,25.66,28.34,22.99,0.0812,0.0315,22.81,1.18,23.33,6.84,0.056,1.0234,0.4052,0.034,0.92,-0.35,,KBH,2018-08-31
,488133527,488133527,1,15395620000,6300913000,6533695000,3792027000,8861925000,0,0,7806329000,1874654000,2291076000,666291000,666291000,1.36,1.34,0,955304000,-1520334000,-671661000,-1240842000,1747144000,63558000,252.91,269.96,235.87,0.2786,0.1608,18.15,14.22,58.41,0.25,0,0.2115,0.5756,0.2816,0.57,1.83,1.6616,ADBE,2018-08-31
,38037295,38037295,1,1419447000,430916000,893547000,221134000,525900000,0,0,850768000,574775000,345862000,68823000,68823000,1.8,1.78,0.64,106326000,-30420000,-78878000,-4438000,208623000,15145000,212.83,229.98,195.69,0.4662,0.1865,13.83,15.25,32.64,16.69,0.3349,1.0929,0.3705,0.1978,0.94,2.4,1.9487,FDS,2018-08-31
,106895748,106895748,1,7287204000,2104378000,3941236000,679094000,3345968000,0,0,3385947000,2535859000,1697975000,212515000,212515000,1.96,1.89,0,162985000,-70785000,-112508000,-20368000,118356000,64528000,198.47,214.75,182.2,0.2838,0.119,31.3,6.99,26.25,12.35,0.2059,0.7579,0.4592,0.1277,0.93,0.92,3.0988,CTAS,2018-08-31
,40182832,40182832,1,2988800000,1211100000,1272000000,682700000,1716800000,0,0,1469300000,356400000,1061200000,108200000,108200000,2.68,2.71,0.13,52500000,-10000000,-7400000,34800000,129100000,11400000,134.58,155.25,113.91,0.2094,0.1207,42.72,3.38,16.86,9.04,0.0608,0.2076,0.5744,0.095,1.27,1.02,1.774,AYI,2018-08-31
,526850769,526850769,1,41753000000,1755000000,17099000000,8020000000,24654000000,0,0,4131000000,8297000000,5836000000,1707000000,1707000000,2.42,2.41,0.5,1350000000,-514000000,-1368000000,-527000000,526000000,583000000,60.94,65.42,56.45,0.1319,0.0772,46.8,1.35,15.59,18.19,0.315,0.3365,0.5905,0.1715,0.45,1.46,0.2188,CCL,2018-08-31
,330285218,330285218,1,28289395000,,14173215000,,14032016000,84164000,0,0,9407987000,5672569000,453211000,449473000,1.37,1.37,0.04,714274000,-67560000,-752152000,-105438000,1048416000,22558000,52.24,55.77,48.71,0.0987,0.0468,42.48,1.27,13.75,7.29,0.0409,0.6705,0.496,0.067,0.69,2.09,,LEN,2018-08-31
,391739943,391739943,1,10485000000,2046500000,6670000000,2433400000,3736500000,78500000,0,5774600000,3540000000,1834400000,178200000,178200000,0.45,0.45,0.2125,94700000,-38500000,-109600000,-53200000,74800000,68900000,36.98,39.43,34.52,0.225,0.0799,9.54,3.93,18.68,31.12,0.3982,0.9474,0.3564,0.1047,0.76,0.07,0.841,CAG,2018-08-26
,124110456,124110456,1,5496900000,544600000,3221700000,1324300000,2275200000,0,0,2134500000,926800000,2061400000,166200000,166200000,1.34,1.32,0.75,206500000,-109200000,-92400000,4900000,151800000,111000000,101.12,115.31,86.92,0.3002,0.1184,18.33,5.69,21.38,20.93,0.508,0.4073,0.4139,0.0784,1.51,0.77,0.4112,DRI,2018-08-26
,82968320,82968320,1,487594000,303083000,422789000,154599000,64805000,0,0,906000,268125000,249699000,41148000,41148000,0.49,0.49,0,65219000,-21361000,-5625000,36598000,77971000,1559000,29.53,34.19,24.88,,0.3778,0.78,72.02,14.2,19.79,0,4.1374,0.1329,0.1843,2.05,0.77,1.9604,SYNT,2018-06-30
,258794274,258794274,1,63585889000,,52328883000,,9660011000,1596995000,0,2201085000,3217123000,3022620000,318996000,318996000,1.23,1.21,0.22,-373493000,-42684000,-175421000,-609219000,3030567000,0,54.64,56.49,52.78,-0.0556,-0.0085,37.33,1.47,,27.01,,0.333,0.1519,,0.18,-1.44,,XL,2018-06-30
,151125987,151125987,1,30074000000,7160000000,16507000000,5054000000,10068000000,3499000000,0,4997000000,8698000000,12472000000,515000000,515000000,3.41,3.38,0.59,847000000,-696000000,-196000000,-45000000,388000000,385000000,125.14,151.88,98.4,0.2201,0.0737,66.62,1.96,11.87,11.08,0.1699,0.8639,0.3348,0.0491,1.5,3.06,1.4167,TSO,2018-06-30
,91084516,91084516,1,2204700000,705900000,796000000,317600000,1350300000,58400000,0,1205800000,121200000,649400000,13900000,13900000,0.15,0.14,0.1,58600000,-11700000,-181700000,-134800000,51500000,11700000,24.15,26.72,21.58,0.0638,0.0372,14.82,1.61,21.18,1.89,0.4195,0.0898,0.6125,0.0324,1.15,0.51,2.2226,CVG,2018-06-30
,55530464,55530464,1,1746363000,815039000,942829000,447054000,803534000,0,0,283310000,370525000,704190000,50961000,50961000,0.92,0.9,0.365,53046000,-15777000,-38946000,-19453000,402031000,15777000,76.63,84,69.26,0.1936,0.088,14.47,5.33,30.78,12.57,0.5363,0.4611,0.4601,0.0574,1.53,0.67,1.8231,NUS,2018-06-30
,962460117,962460117,1,23132598000,,14275197000,,8531396000,326005000,242042000,242522000,13059220000,583144000,93615000,89631000,0.09,0.09,0.22,272566000,-51889000,-201541000,19136000,264567000,226679000,20.07,21.05,19.09,0.068,0.025,8.61,2.29,31.36,5.84,1.4524,1.5754,0.3583,0.2395,0.1,0.05,,GGP,2018-06-30
,255112324,255112324,1,25135700000,4626200000,13718200000,2967500000,11393600000,23900000,0,8749300000,5943100000,4137500000,268200000,268200000,1.05,1.03,0.43,771600000,-206500000,-356900000,186100000,452600000,232100000,61.79,67.01,56.57,0.1633,0.0723,44.66,1.37,8.48,8.99,0.2368,0.5216,0.4533,0.1131,0.64,2.11,1.559,WRK,2018-06-30
,180221324,180221324,1,10179000000,1246000000,7693000000,1624000000,2486000000,0,0,7348000000,4135000000,1594000000,159000000,159000000,0.88,0.88,0.58,103000000,-68000000,-73000000,-37000000,121000000,43000000,110.63,126.65,94.61,0.459,0.1043,13.79,8.11,18.72,13.72,0.3959,1.6633,0.2442,0.1562,0.67,0.33,0.7672,DPS,2018-03-31
,782319431,782319431,1,68997000000,15138000000,39191000000,12945000000,29805000000,1000000,0,35350000000,18331000000,7996000000,1643000000,1643000000,2.1,2.07,0.4025,1316000000,-308000000,-1938000000,-930000000,1691000000,147000000,94.49,97.81,91.17,0.1962,0.0802,38.1,2.6,14.23,22.18,0.2866,0.615,0.432,0.1733,0.46,1.49,1.1694,TWX,2018-03-31
,441283987,441283987,1,22687000000,10056000000,14921000000,7149000000,7754000000,12000000,0,6054000000,6635000000,5019000000,1459000000,1459000000,3.31,3.27,1.08,338000000,-156000000,-892000000,-693000000,2409000000,243000000,119.19,124.2,114.19,0.3646,0.1121,17.57,7.96,22.03,18.34,0.3822,0.8557,0.3418,0.1707,0.66,0.22,1.4066,MON,2018-02-28
,410736181,410736181,1,54544000000,11220000000,25463000000,1970000000,25901000000,3180000000,0,40070000000,17475000000,5327000000,6230000000,6230000000,15.2,14.62,1.75,1685000000,-4227000000,-1586000000,-4128000000,7076000000,-17000000,259.88,285.68,234.09,0.3598,0.1472,63.06,5.24,63.7,7.77,0.256,0.6747,0.4749,0.3718,0.4,4.14,5.6954,AVGO,2018-02-04
,130100626,130100626,1,6521680000,1748520000,3410492000,573270000,2778189000,332999000,0,2929365000,2522005000,956116000,65872000,65872000,0.5,0.49,0.3,222429000,-17160000,-185962000,15628000,130357000,15491000,81.99,86.47,77.51,0.2466,0.097,21.35,3.99,17.56,6.05,0.2498,0.9078,0.426,0.1752,0.55,1.59,3.0501,SNI,2017-12-31
,144390952,144390952,1,11771000000,1524000000,9878000000,1049000000,1901000000,-8000000,0,836000000,8328000000,994000000,-93000000,-95000000,-0.58,-0.58,0,84000000,12000000,-344000000,-248000000,365000000,-77000000,10.86,12.84,8.88,0.032,0.0061,13.17,0.9,,0,0,4.3809,0.1615,0.012,0.39,1.12,1.4528,DYN,2017-12-31
,360543323,360543323,1,16453000000,2306000000,13386000000,1874000000,2988000000,79000000,0,754000000,11180000000,1801000000,-292000000,-292000000,-0.79,-0.79,0,124000000,14000000,-280000000,-142000000,284000000,57000000,14.88,15.16,14.6,-0.109,-0.0194,8.29,1.65,,0,,3.7416,0.1816,,0.5,0.19,1.2305,CPN,2017-12-31
,163923601,163923601,1,5300000000,1144000000,4649000000,1096000000,625000000,26000000,0,3376000000,2861000000,1309000000,188000000,188000000,1.15,1.14,0.1,157000000,-222000000,54000000,-11000000,80000000,18000000,30.08,32.77,27.38,0.8494,0.0749,3.81,11.06,15.67,0.8,0.1731,4.5776,0.1179,0.0746,1,0.85,1.0438,CSRA,2017-12-29
,72892372,72892372,1,5572500000,2586100000,3554600000,1500000000,2017900000,0,0,2213500000,1143500000,989800000,94100000,93600000,1.28,1.25,0,209800000,-34000000,-16100000,170500000,1300500000,26000000,320.42,324.58,316.26,0.315,0.1064,27.68,12.56,42.11,13.67,0.1018,0.5667,0.3621,0.1467,0.72,2.52,1.7241,BCR,2017-09-30
,656713321,656713321,1,7666000000,4754000000,4271000000,3316000000,3387000000,8000000,0,1457000000,524000000,3905000000,55000000,55000000,0.08,0.08,0.12,21000000,-52000000,-68000000,-91000000,1199000000,45000000,9.4,10.25,8.55,-0.4063,-0.1866,5.16,1.83,,4.83,,0.1547,0.4418,,2,-0.04,1.4337,SPLS,2017-07-29
,320251710,320251710,1,6610000000,2191000000,3152000000,1324000000,3458000000,0,0,780000000,1046000000,3725000000,106000000,106000000,0.33,0.33,0.18,277000000,-407000000,-7000000,-137000000,403000000,132000000,37.43,43.84,31.02,0.1164,0.06,10.8,3.56,29.71,6.36,0.6046,0.3025,0.5231,0.0244,2.46,0.45,1.6548,WFMI,2017-07-02
,426000000,426000000,1,18675000000,9091000000,6288000000,2466000000,12307000000,80000000,0,4370000000,2678000000,2404000000,-179000000,-179000000,-0.42,-0.42,0.17,-64000000,25000000,-48000000,-89000000,4133000000,71000000,57.7,62.2,53.21,-0.0912,-0.0608,28.89,1.97,,12.54,,0.2176,0.659,,0.5,-0.32,3.6865,BHI,2017-06-30
,1426125631,1426125631,1,50463000000,3636000000,28577000000,5542000000,21886000000,0,0,45424000000,11390000000,3318000000,919000000,919000000,0.64,0.64,0.51,-584000000,-33000000,-794000000,-1396000000,1758000000,33000000,65.31,67.81,62.8,0.1571,0.0665,15.35,4.29,28.27,13.76,0.8111,0.5204,0.4337,0.2695,0.25,-0.43,0.6561,RAI,2017-06-30
,867806000,867806000,1,43206000000,20122000000,30612000000,10442000000,12388000000,206000000,237000000,7855000000,10086000000,7424000000,862000000,859000000,0.99,0.99,0.38,-2431000000,-597000000,2890000000,-93000000,3254000000,194000000,79.72,83.93,75.5,0.2095,0.0535,14,6.18,29.2,34.37,0.5906,0.8301,0.2812,0.0882,0.6,-3.02,1.927,DD,2017-06-30
,362691792,362691792,1,25287000000,3036000000,13972000000,1698000000,11315000000,0,0,8546000000,10584000000,2061000000,154000000,154000000,0.42,0.42,0,561000000,-1451000000,-2000000,-891000000,1056000000,328000000,60.75,64.61,56.88,0.0593,0.0261,31.2,1.98,33.94,0,0,0.9354,0.4475,0.0799,0.33,0.64,1.788,LVLT,2017-06-30
,128604671,128604671,1,1092105000,738636000,655788000,201905000,436317000,0,0,138054000,388878000,271225000,1359000,1359000,0.01,0.01,0,-40290000,-11578000,-5843000,-56204000,422332000,9903000,20.81,24.24,17.39,0.3775,0.1349,3.39,6.21,17.49,3.42,0,0.8913,0.3995,0.104,1.3,-0.39,3.6583,LIZ,2017-04-01
,184281427,184281427,1,2833800000,840100000,1136200000,258200000,1652100000,45500000,0,1949100000,295500000,257600000,30900000,30900000,0.17,0.17,0.11,-50100000,18100000,-95500000,-127200000,358700000,1800000,12.93,13.9,11.96,0.0874,0.0492,8.97,1.46,16.58,2.25,0.5696,0.1789,0.583,0.1391,0.35,-0.28,3.2537,JNS,2017-03-31
,958198997,958198997,1,55368726000,8027724000,19901533000,1167911000,35435717000,31476000,0,572887000,1317112000,1327270000,99434000,99434000,0.1,0.1,0,214455000,46001000,-71755000,209444000,1328913000,120472000,42.91,47.19,38.64,-5e-4,-3e-4,36.98,1.32,,0,,0.0372,0.64,,0.11,0.1,6.8736,YHOO,2017-03-31
,183640008,183640008,1,4227100000,2817300000,4619900000,1308800000,-431100000,38300000,0,157000000,2973300000,883500000,119900000,119200000,0.65,0.65,0,196400000,-48400000,-74600000,81500000,1876900000,48400000,79.22,89.19,69.25,,0.1432,-2.35,,27.13,9.99,0.386,,,0.1609,0.89,0.81,2.1526,MJN,2017-03-31
,240775705,240775705,1,2191481000,1902047000,313669000,199617000,1877812000,0,0,8300000,0,375817000,123986000,123986000,0.5,0.5,0.32,179460000,10824000,-77413000,112871000,330006000,12104000,60.66,62.85,58.47,0.2805,0.2388,7.8,8.07,29.88,12.2,0.6145,0,0.8569,0.3367,0.71,0.7,9.5285,LLTC,2017-01-01
,702293575,702293575,1,36842000000,1772000000,25303000000,3905000000,7157000000,4382000000,0,4181000000,13624000000,1298000000,115000000,115000000,0.16,0.16,0.41,427000000,-1235000000,646000000,-159000000,305000000,1216000000,41.23,43.71,38.76,0.0943,0.0195,10.19,3.87,93.7,11.73,1.6351,1.9036,0.1943,0.141,0.14,-1.12,0.4538,SE,2016-12-31
,69893450,69893450,1,6331623000,3251324000,3755164000,2011374000,2576459000,0,0,1936429000,1279601000,1947474000,99449000,99449000,1.4,1.39,0,240946000,-38246000,-15911000,171646000,683351000,36331000,94.36,111.32,77.41,0.1455,0.0599,36.86,2.62,18.01,5.96,0.2018,0.4967,0.4069,0.0505,1.19,2.93,1.6165,HAR,2016-12-31
,109861525,109861525,1,1955243000,1081689000,886324000,681106000,1062939000,5980000,0,445109000,33251000,484499000,4070000,4070000,0.04,0.04,0,16454000,70858000,-33374000,53250000,517274000,20872000,8.51,9.51,7.51,-0.0187,-0.0097,9.68,0.87,,0,,0.0313,0.5436,,0.99,-0.04,1.5881,APOL,2016-11-30
,11697428,11697428,1,109628000,91152000,90998000,87018000,18630000,0,0,0,0,105110000,1293000,1293000,0.11,0.11,0,3957000,-1605000,1584000,3941000,40558000,1605000,32.02,36.9,27.14,0.5931,0.0814,1.59,24.82,36.8,0.7,0.8519,0,0.1699,0.0202,4.03,0.2,1.0475,NILE,2016-10-02
,285716462,285716462,1,12541000000,2816000000,8055000000,1457000000,4486000000,0,0,7786000000,5403000000,1499000000,212000000,212000000,0.74,0.73,0.31,442000000,-86000000,-362000000,-4000000,394000000,75000000,78.7,84,73.4,0.1557,0.0518,15.7,5.24,34.22,5.98,0.5278,1.2044,0.3577,0.1105,0.47,1.28,1.9327,STJ,2016-10-01
,135539192,135539192,1,7556412000,4103013000,2654193000,1260071000,4873819000,28400000,0,1872478000,1162141000,959787000,8559000,8559000,0.06,0.06,0,373277000,-398169000,2406000,-22694000,697113000,300617000,191.69,194.27,189.11,-0.0368,-0.0236,35.96,5.47,,0,,0.2384,0.645,,0.5,0.54,3.2562,LNKD,2016-09-30
,216127550,216127550,1,4700000000,,124000000,,4576000000,0,0,0,0,94000000,141000000,141000000,0.66,0.63,0,52000000,877000000,-786000000,144000000,1025000000,0,16.45,17.11,15.8,-0.0131,-0.011,21.17,0.8,,22.57,,0,0.9736,,0.1,0.24,,ACAS,2016-09-30
,62910737,62910737,1,3637300000,923300000,2633800000,1044300000,1003500000,0,0,1755600000,1017900000,843900000,18300000,18300000,0.29,0.28,0.36,25500000,-16000000,4600000,14600000,117700000,16900000,36.52,40,33.05,-0.062,-0.0173,15.95,2.28,,6.5,,1.0143,0.2759,,0.93,0.14,0.8841,LXK,2016-09-30
,225702027,225702027,1,5963700000,3502300000,3269800000,1646000000,2678300000,15600000,0,748900000,1245100000,1091200000,32300000,32300000,0.14,0.14,0,122300000,-50400000,-72400000,-800000,1074200000,26100000,27.09,30.19,24,0.0422,0.0177,11.87,2.33,38.15,1.46,0,0.4649,0.4491,0.0225,0.78,0.43,2.1278,FTI,2016-09-30
,77308876,77308876,1,11811000000,4009000000,7171000000,2750000000,4568000000,72000000,0,6465000000,2782000000,2505000000,148000000,148000000,1.91,1.88,0.7,210000000,-60000000,-88000000,62000000,411000000,47000000,146.53,154.5,138.57,0.0801,0.03,59.09,2.52,,19.66,0.5973,0.609,0.3868,0.0368,0.81,2.11,1.4578,LLL,2016-09-23
,84625000,84625000,1,850948000,489556000,81565000,67565000,769383000,0,0,225787000,0,116404000,18283000,18283000,0.22,0.22,0,17695000,-22451000,-1034000,-5790000,119618000,7842000,13.37,15,11.73,0.0839,0.0758,9.09,1.49,24.31,0,0,0,0.9041,0.1346,0.56,0.12,7.2457,QLGC,2016-07-03
,62100839,62100839,1,9912000000,2911000000,7178000000,1671000000,2734000000,0,0,3653000000,4087000000,1290000000,71000000,71000000,1.15,1.14,0.39,174000000,-83000000,-17000000,79000000,1215000000,78000000,113.44,118.54,108.33,0.0699,0.0195,44.03,2.59,32.79,21.13,0.5137,1.4949,0.2758,0.0388,0.5,1.55,1.7421,ASH,2016-06-30
,1956842060,1956842060,1,46745000000,16550000000,22590000000,11403000000,22138000000,2017000000,0,19135000000,5479000000,6017000000,581000000,581000000,0.3,0.29,0.12,1608000000,641000000,-74000000,2130000000,9354000000,265000000,26.77,28.1,25.44,0.0985,0.0456,11.31,2.42,26.25,2.84,0.4269,0.2475,0.4736,0.0854,0.53,0.69,1.4514,EMC,2016-06-30
,169549884,169549884,1,6922000000,2353000000,6745000000,1978000000,174000000,3000000,0,1769000000,2380000000,1246000000,-263000000,-263000000,-1.56,-1.56,0.375,162000000,247000000,-9000000,400000000,1575000000,29000000,76.11,82.81,69.4,0.0797,0.0102,1.03,9.6,26.89,35.88,3.1544,13.6782,0.0251,0.0147,0.69,0.78,1.1896,HOT,2016-06-30
,184629759,184629759,1,4140600000,162600000,2780300000,658200000,1360300000,0,0,0,997900000,174100000,33100000,33100000,0.19,0.19,0.22,111900000,-78200000,-34100000,-400000,0,78200000,25.05,25.38,24.73,0.1464,0.0462,7.37,3.4,21.78,41.49,0.8028,0.7336,0.3285,0.1715,0.27,0.18,0.247,STR,2016-06-30
,426224367,426224367,1,11614000000,3822000000,7228000000,3116000000,4351000000,35000000,0,5384000000,2165000000,2449000000,239000000,239000000,0.56,0.56,0.205,190000000,-78000000,-114000000,0,345000000,66000000,39.32,43.98,34.66,0.1274,0.0449,10.21,4.04,37.81,124.93,0.6649,0.4976,0.3746,0.0546,0.82,0.29,1.2266,TYC,2016-06-24
,202935277,202935277,1,9511856000,6153380000,3872028000,3692609000,5330075000,309753000,0,1097972000,0,1365736000,78353000,78353000,0.39,0.37,0,355143000,1416432000,11988000,1792979000,3271927000,59458000,,,,0.0767,0.0463,26.26,,,2.4,0.2841,0,0.5604,0.0764,0.61,1.46,1.6664,SNDK,2016-04-03
,227938514,227938514,1,8006000000,2294000000,7069000000,2450000000,937000000,0,0,3477000000,3518000000,1517000000,66000000,66000000,0.29,0.29,0.3,123000000,-87000000,65000000,109000000,279000000,87000000,48.16,51.82,44.5,0.5784,0.07,4.11,11.44,18.89,4.37,0.4589,3.7545,0.117,0.0821,0.85,0.16,0.9363,CCE,2016-04-01
,235550000,235550000,1,8981100000,547200000,6398800000,1200600000,2582300000,0,0,408400000,3489700000,659500000,73800000,73700000,0.31,0.31,0.23,231600000,-168200000,-41100000,22300000,46100000,168000000,,,,0.0736,0.0213,10.96,,,20.93,1.1226,1.3514,0.2875,0.0696,0.3,0.27,0.4558,TE,2016-03-31
,165618879,165618879,1,10823000000,377000000,7899000000,649000000,2924000000,0,0,6670000000,5347000000,899000000,62000000,62000000,0.38,0.37,0.22,414000000,-309000000,-106000000,0,75000000,18000000,32.83,41.43,24.22,0.0955,0.0263,17.65,1.87,19.31,2.49,0.3751,1.8287,0.2702,0.0784,0.33,2.39,0.5809,ADT,2016-03-31
,120680030,120680030,1,14336000000,1537000000,10266000000,2489000000,4032000000,38000000,0,1918000000,3273000000,1334000000,182000000,182000000,1.52,1.51,0.53,841000000,-238000000,-602000000,1000000,20000000,235000000,,,,0.0867,0.0239,33.41,,,29.17,0.7249,0.8118,0.2813,0.0962,0.25,5.02,0.6175,GAS,2016-03-31
,72807594,72807594,1,6134956000,1384198000,4089658000,1147834000,2045298000,0,0,1612942000,2284820000,1294084000,77367000,77367000,1.07,1.05,0.6,231411000,-84901000,-137578000,8932000,55809000,90148000,139.84,141.87,137.8,0.1675,0.055,28.09,5.13,30.14,12.95,0.519,1.1171,0.3334,0.0635,0.87,1.94,1.2059,ARG,2016-03-31
,276326625,276326625,1,6732386000,1836861000,11565269000,2094013000,-4832549000,-334000,0,1036924000,8510557000,1640757000,94377000,94377000,0.35,0.34,0,131554000,-148028000,-53348000,-69822000,933457000,148500000,,,,,0.0333,-17.49,,,27.5,0.3685,,,0.0345,0.97,-0.06,0.8772,CVC,2016-03-31
,284701320,284701320,1,49751000000,2619000000,40390000000,3853000000,9357000000,4000000,0,3553000000,22487000000,6191000000,494000000,494000000,1.73,1.72,0.75,1608000000,-1325000000,-156000000,127000000,1297000000,1329000000,,,,0.2112,0.0382,32.87,,,46.67,0.4525,2.4032,0.1881,0.078,0.49,0.98,0.6797,TWC,2016-03-31
,254340724,254340724,1,16326000000,1202000000,11730000000,2308000000,4413000000,183000000,0,1406000000,4695000000,1150000000,130000000,130000000,0.51,0.51,0.27,338000000,-326000000,-258000000,-246000000,25000000,321000000,25.55,26.97,24.13,0.0752,0.0201,17.35,1.49,27.77,13.97,0.8377,1.0639,0.2703,0.0651,0.31,0.07,0.5208,POM,2015-12-31
,174307568,174307568,1,4990000000,230000000,3512000000,670000000,1478000000,0,0,0,2759000000,323000000,34000000,34000000,0.18,0.18,0.44,41000000,-19000000,-15000000,7000000,88000000,17000000,45.32,51.63,39.01,0.1284,0.0391,8.48,5.22,34.08,40.17,1.5596,1.8667,0.2962,0.1363,0.29,0.14,0.3433,PCL,2015-12-31
,191599032,191599032,1,11500000000,7118000000,6110000000,3206000000,4554000000,836000000,0,2346000000,2542000000,2079000000,125000000,125000000,0.65,0.65,0,497000000,-354000000,10000000,148000000,1775000000,91000000,65.36,71.22,59.49,0.1138,0.043,23.77,2.82,20.11,0,0,0.5582,0.396,0.057,0.75,2.12,2.2202,CAM,2015-12-31
,227055872,227055872,1,51192000000,,34821000000,,16371000000,0,0,467000000,0,3578000000,601000000,601000000,2.62,2.6,0.57,875000000,-746000000,-126000000,3000000,53000000,17000000,122.37,129.44,115.3,0.1253,0.0398,72.1,1.74,14.31,23.09,0.2491,0,0.3198,0.1449,0.27,3.78,,CB,2015-09-30
,609000000,609000000,1,13235000000,5113000000,3246000000,1421000000,9989000000,0,0,4127000000,1594000000,2187000000,429000000,429000000,0.71,0.69,0.14,483000000,-144000000,-103000000,236000000,2212000000,81000000,49.66,54.02,45.3,0.1502,0.1114,16.4,3.14,28.38,2.42,0.2304,0.1596,0.7547,0.1667,0.67,0.66,3.5982,BRCM,2015-09-30
,119992547,119992547,1,4426000000,2502000000,1068000000,505000000,3358000000,0,0,1026000000,300000000,703000000,114000000,114000000,0.95,0.94,0.23,196000000,-42000000,-13000000,125000000,1175000000,30000000,,,,0.1521,0.1157,27.99,,,8.78,0.2234,0.0893,0.7587,0.1773,0.65,1.38,4.9545,SIAL,2015-09-30
,316721372,316721372,1,20714000000,5785000000,16141000000,5130000000,1402000000,3171000000,0,2001000000,9767000000,476000000,-284000000,-284000000,-0.91,-0.91,0,-207000000,-962000000,2273000000,1099000000,2393000000,66000000,20.01,33.45,6.56,,-0.0731,4.43,9.96,,0,,6.9665,0.0677,,0.12,-0.86,1.1277,WFR,2015-09-30
,137588238,137588238,1,20189000000,6152000000,8684000000,2013000000,11476000000,29000000,0,10836000000,4491000000,2287000000,343000000,343000000,2.49,2.48,0.03,262000000,-344000000,-323000000,-424000000,632000000,116000000,209.24,231.47,187,0.1164,0.0664,83.41,2.56,20.57,1.9,0.0126,0.3913,0.5684,0.1369,0.48,1.06,3.0561,PCP,2015-09-27
,302857381,302857381,1,5885185000,2909904000,2532724000,677607000,3352461000,0,0,148320000,1493729000,399567000,61518000,61518000,0.2,0.2,0.18,167018000,-23686000,-61235000,82097000,1934850000,8904000,47.69,51.49,43.89,0.1019,0.0585,11.07,4.34,37.26,3.07,0.6433,0.4456,0.5696,0.1954,0.3,0.52,4.2944,ALTR,2015-09-25
,172934361,172934361,1,6783800000,3009700000,3170200000,1192700000,3613600000,0,0,1190300000,1748100000,1183600000,145100000,145100000,0.84,0.83,0,286500000,-119700000,7000000,176200000,819900000,118000000,87.66,88.87,86.45,0.1209,0.0627,20.9,4.41,44.27,0,0,0.4838,0.5327,0.0895,0.7,0.97,2.5234,HSP,2015-06-30
,529529490,529529490,1,35417458000,,30595713000,,4821745000,0,0,152109000,0,125154000,35657000,35657000,0.07,0.07,0,-28186000,1294880000,-736560000,530134000,6702750000,104000,9.68,10.52,8.85,0.0245,0.0032,9.11,1.07,40.33,4.26,0.5399,0,0.1361,0.2486,0.01,-0.05,,HCBK,2015-06-30
,222511210,222511210,1,9970683000,1756521000,7330944000,4408016000,2639739000,0,0,73362000,34439000,765067000,-468190000,-468190000,-2.11,-2.11,0,-216509000,21109000,417341000,221941000,698236000,28846000,,,,-0.2354,-0.0672,11.86,,,0.88,,0.013,0.2648,,0.35,-1.1,0.3985,ANR,2015-06-30
,504514734,504514734,1,24100000000,8394000000,28671000000,7608000000,-4946000000,375000000,0,4720000000,17157000000,8441000000,-358000000,-361000000,-0.72,-0.72,0,1602000000,-744000000,-40000000,818000000,4473000000,673000000,89.61,94.41,84.81,,0.0733,-9.8,,15.58,0,0,,,0.0519,1.41,1.84,1.1033,DTV,2015-06-30
,114514918,114514918,1,3933117000,2171236000,2078982000,1163842000,1854135000,0,0,0,299139000,2728176000,79943000,79943000,0.7,0.7,0,239837000,-74256000,-117071000,48510000,215993000,74055000,79.03,80.6,77.47,0.1333,0.0588,16.19,5.11,38.55,8.82,0.3046,0.1613,0.4714,0.0217,2.7,1.45,1.8656,FDO,2015-05-30
,106829801,106829801,1,3740373000,2182730000,2105816000,1292549000,1634557000,0,0,699359000,373472000,681145000,96177000,96177000,0.9,0.89,0.305,122231000,-29350000,-29824000,64831000,1094504000,14090000,101.22,106.19,96.24,0.2331,0.1035,15.3,6.96,29.25,12.89,0.3278,0.2285,0.437,0.1364,0.76,1.01,1.6887,PLL,2015-04-30
,27802976,27802976,1,512718000,379970000,176060000,162326000,336658000,0,0,48635000,13734000,223986000,10461000,10461000,0.38,0.38,0,500000,-11815000,14221000,2906000,25146000,11590000,34.3,36.75,31.84,0.158,0.1041,12.11,2.92,18.95,0,0,0.0408,0.6566,0.0574,1.81,-0.4,2.3408,BRLI,2015-04-30
,79963091,79963091,1,11169000000,1259300000,7806400000,1248800000,3362600000,0,51100000,687700000,2956300000,1163200000,130300000,129500000,1.61,1.6,0.68,524200000,-197500000,-258300000,68400000,86400000,208800000,77.03,83.72,70.34,0.0775,0.0227,41.41,1.9,22.46,46.89,0.8563,0.8927,0.2965,0.053,0.42,3.94,1.0084,TEG,2015-03-31
,167813882,167813882,1,9133000000,1863000000,5850000000,937000000,3130000000,153000000,0,767000000,1810000000,1282000000,33000000,33000000,0.2,0.19,0.25,-113000000,-65000000,6000000,-192000000,262000000,65000000,48.82,55.15,42.49,0.0789,0.0279,18.65,2.51,31.91,13.55,0.6325,0.5783,0.3427,0.0474,0.59,-1.06,1.9883,MWV,2015-03-31
,591940002,591940002,1,23134000000,5004000000,18617000000,4884000000,4517000000,0,0,13551000000,8626000000,4352000000,429000000,428000000,0.73,0.72,0.55,334000000,-142000000,-293000000,-115000000,1178000000,139000000,75.06,89.84,60.28,0.1917,0.0416,7.63,10.12,43.89,4.75,1.3385,1.9097,0.1953,0.0525,0.79,0.33,1.0246,KRFT,2015-03-28
,307605860,307605860,1,12415700000,6871200000,4652700000,1557300000,7753000000,10000000,0,4179400000,2085300000,1910500000,537200000,537200000,1.81,1.76,0.05,694200000,144600000,183400000,1000600000,4911400000,58500000,191.07,214.66,167.48,0.2157,0.1332,25.2,8.26,44.54,4.8,0.0404,0.269,0.6245,0.2106,0.63,2.07,4.4123,AGN,2014-12-31
,248700000,248700000,1,3808600000,1092700000,2615300000,435200000,1193300000,0,0,1524700000,1810200000,450600000,35000000,35000000,0.14,0.14,0.11,102900000,-19300000,-133900000,-53500000,201600000,18600000,16.7,17.48,15.93,0.1744,0.0504,4.8,3.45,16.87,4.67,0.5348,1.517,0.3133,0.1035,0.49,0.34,2.5108,IGT,2014-12-31
,204279051,204279051,1,9198000000,3275000000,3691000000,693000000,5507000000,0,0,4284000000,1992000000,1069000000,173000000,173000000,0.85,0.83,0,138000000,-33000000,24000000,110000000,1846000000,28000000,52.21,59.62,44.8,0.0908,0.0538,26.96,2,26.5,0,0,0.3617,0.5987,0.1203,0.45,0.54,4.7258,CFN,2014-12-31
,454507245,454507245,1,20615000000,5587000000,10181000000,2915000000,10372000000,62000000,0,12032000000,4051000000,2686000000,511000000,511000000,1.13,1.12,0.36,451000000,-62000000,-109000000,251000000,1818000000,60000000,92.38,104.06,80.69,0.1777,0.0865,22.82,4.16,25.31,6.52,0.4282,0.3906,0.5031,0.1658,0.52,0.86,1.9166,COV,2014-12-26
,945642298,945642298,1,48612000000,23280000000,27845000000,9877000000,20636000000,131000000,0,3477000000,13756000000,19554000000,809000000,809000000,0.86,0.85,0.3375,1031000000,-55000000,9249000000,10215000000,12861000000,41000000,63.88,69.37,58.39,0.0983,0.0511,21.82,2.97,31.94,8.17,0.6035,0.6666,0.4245,0.0264,1.94,1.05,2.357,WAG,2014-11-30
,99411312,99411312,1,2709497000,1389921000,1470651000,816220000,1238846000,0,0,194411000,449432000,1739117000,92156000,92156000,0.93,0.92,0.195,125347000,-164810000,-37318000,-78411000,173346000,36937000,68.19,73,63.39,0.373,0.1654,12.46,5.84,16.35,3.93,0.1806,0.3628,0.4572,0.0608,2.72,0.89,1.7029,PETM,2014-11-02
,100702386,100702386,1,1200300000,961900000,1387000000,362300000,-186700000,0,0,0,841400000,650200000,-161100000,-161100000,-1.58,-1.58,0,-117900000,-11300000,142000000,12800000,43300000,11500000,1.16,1.77,0.55,,-0.4467,-1.85,,,4.49,,,,,2.28,-1.28,2.655,RSH,2014-11-01
,140740938,140740938,1,1006509000,715295000,365015000,281281000,640767000,727000,0,175604000,0,364632000,22267000,22267000,0.16,0.16,0,55261000,-12174000,-12498000,27750000,308887000,11952000,15.13,16.66,13.61,0.1321,0.0839,4.55,3.38,25.22,0.7,0,0,0.6366,0.0569,1.47,0.31,2.543,SAPE,2014-09-30
,220853283,220853283,1,1849871000,641611000,767591000,460488000,1065619000,16661000,0,727911000,0,170893000,9151000,9151000,0.04,0.04,0,-10294000,-11394000,5500000,-20244000,255270000,3734000,9.83,10.72,8.94,0.0509,0.0281,4.83,2.04,36.41,0.63,1.5299,0,0.5761,0.0907,0.31,-0.06,1.3933,CPWR,2014-09-30
,230500000,230500000,1,12800800000,4539100000,7253200000,2897100000,5547600000,0,0,330900000,2742800000,8307900000,9500000,9000000,0.04,0.04,0.23,367100000,-68500000,-1178500000,-883800000,1348700000,133700000,34.44,34.99,33.89,0.5806,0.2262,24.07,1.42,2.52,4.43,0.0596,0.4944,0.4334,0.0975,2.29,1.01,1.5668,SWY,2014-09-06
,124513834,124513834,1,2708000000,1083000000,2071000000,809000000,637000000,0,0,692000000,839000000,1064000000,27000000,27000000,0.21,0.23,0.18,19000000,-22000000,20000000,17000000,236000000,45000000,48.22,62.22,34.22,0.3709,0.0839,5.12,9.84,26.49,59.17,0.4076,1.3171,0.2352,0.0521,1.61,-0.21,1.3387,SLE,2014-06-28
,272594304,272594304,1,12017531000,4123712000,5851967000,1510669000,6165564000,0,0,6209447000,0,1080313000,54084000,54084000,0.19,0.19,0,140031000,-2555401000,1876983000,-542397000,1780036000,272886000,79.63,100.88,58.38,0.0277,0.0182,22.62,3.6,134.97,0,0,0,0.513,0.0453,0.4,-0.49,2.7297,FRX,2014-03-31
,565370911,565370911,1,2399477000,1381480000,875032000,453957000,1524445000,0,0,592542000,0,569066000,33233000,33233000,0.06,0.06,0,43013000,4828000,51965000,99820000,642588000,20515000,,,,0.1062,0.0603,2.7,,,0,0,0,0.6353,0.0588,1.03,0.04,3.0432,LSI,2014-03-30
,165336068,165336068,1,8584700000,2890100000,3510600000,706600000,5074100000,0,0,4782200000,2024500000,900400000,88900000,88900000,0.55,0.53,0.22,309700000,-27500000,-181200000,106000000,277200000,36200000,67.53,70.63,64.43,0.075,0.0427,30.69,2.26,27.12,61.1,0.4019,0.399,0.5911,0.1151,0.37,1.65,4.0902,FO,2013-12-31
,78912669,78912669,1,2511900000,1101700000,1528400000,666600000,982900000,600000,0,1018800000,692500000,888900000,-46200000,-44600000,-0.61,-0.61,0.05,184900000,-14000000,-82700000,88600000,116400000,13500000,14.51,16.24,12.79,-0.0193,-0.0078,12.46,1.14,,3.58,,0.7045,0.3913,,1.48,2.17,1.6527,JNY,2013-12-31
,172828374,172828374,1,8488236000,1746116000,3511460000,801304000,4976561000,215000,0,5821382000,2067587000,935090000,118246000,118246000,0.68,0.67,0,250448000,-29447000,-146721000,76289000,336389000,27531000,74.56,75.08,74.05,0.0995,0.0558,28.79,2.67,30.94,0,0,0.4155,0.5863,0.1239,0.45,1.29,2.1791,LIFE,2013-09-30
,179064398,179064398,1,3686017000,2087704000,1096584000,686451000,2589433000,0,0,231050000,315000000,936367000,84079000,84079000,0.47,0.46,0.24,98851000,-111585000,-43202000,-46405000,665156000,46887000,33.84,38.86,28.81,0.1007,0.0702,14.46,2.39,24.88,5.65,0.6392,0.1216,0.7025,0.0704,1,0.29,3.0413,MOLX,2013-09-30
,243000000,243000000,1,12398000000,1012000000,5493000000,1077000000,6611000000,294000000,0,9994000000,2088000000,890000000,178000000,178000000,0.73,0.73,0.3,7000000,75000000,-1000000,109000000,404000000,37000000,181.16,188.78,173.54,0.0808,0.041,27.21,7.19,101.78,7.6,0.5774,0.3158,0.5332,0.1344,0.3,-0.12,0.9396,NYX,2013-09-30
,87510880,87510880,1,3428686000,1878709000,2462017000,932333000,966669000,0,26245000,79096000,960736000,1664859000,30885000,30379000,0.35,0.33,1.48,64492000,29521000,-135037000,-37790000,504201000,16888000,,,,0.0437,0.0125,10.75,,,10.79,3.1065,1.0216,0.2743,0.0064,1.85,0.54,2.0151,OMX,2013-09-28
,355740338,355740338,1,1518600000,1121900000,523200000,459100000,995400000,0,0,123400000,0,198500000,-9800000,-9800000,-0.03,-0.03,0,14600000,34300000,-100000,49300000,316500000,5200000,2.24,2.5,1.98,-0.0943,-0.062,2.8,0.8,,1.24,,0,0.6555,,0.55,0.03,2.4437,TLAB,2013-09-27
,1758369276,1758369276,1,45871000000,26866000000,35090000000,22756000000,10781000000,0,0,12243000000,5018000000,14514000000,204000000,204000000,0.12,0.12,0.08,1678000000,-268000000,-561000000,766000000,11185000000,168000000,13.01,13.74,12.28,0.1264,0.0292,6.13,2.13,12.27,0.32,0.4182,0.4654,0.235,0.0236,1.23,0.86,1.1806,DELL,2013-08-02
,142018000,142018000,1,4727500000,2124200000,3809100000,1307600000,918400000,0,0,1881900000,1304100000,483600000,52500000,52500000,0.37,0.36,0,267100000,1200000,5700000,263200000,1642400000,37100000,44.9,46.5,43.3,0.3525,0.072,6.47,7.89,20.98,0,0,1.42,0.1943,0.1511,0.48,1.62,1.6245,BMC,2013-06-30
,134739756,134739756,1,8955277000,3053929000,4119274000,2137486000,4836003000,0,0,2893606000,1585312000,3520235000,135369000,134214000,1.01,1,0.125,222225000,-77192000,-12517000,132516000,1531678000,15871000,45.77,47.31,44.23,0.0958,0.0512,35.89,1.3,13.04,0.63,0.1517,0.3278,0.54,0.0321,1.58,1.53,1.4287,CVH,2013-03-31
,320651043,320651043,1,11929104000,3908872000,8847986000,3376349000,3030581000,50537000,0,4538472000,3930592000,2933331000,269546000,269546000,0.84,0.83,0.515,385644000,-80088000,-227675000,93487000,1100689000,81312000,,,,0.3533,0.0838,9.45,,,26.92,0.654,1.297,0.254,0.0855,0.98,0.95,1.1577,HNZ,2013-01-27
,219349654,219349654,1,1649985000,503163000,1073080000,372331000,445109000,131796000,0,1051221000,586146000,201520000,3684000,3684000,0.02,0.02,0,31454000,-31191000,-209738000,-207481000,237021000,2023000,5.88,6.63,5.14,-0.1109,-0.0193,2.03,3.16,,0,,1.3169,0.2698,,0.57,0.13,1.3514,CMVT,2012-10-31
,175061774,175061774,1,1713100000,1086400000,464000000,180500000,1232400000,16700000,0,0,104800000,257700000,-39100000,-37200000,-0.21,-0.21,0.08,9600000,-7600000,-2200000,-1000000,10700000,26200000,12.36,13.93,10.79,0.0407,0.0287,7.04,1.78,19.94,0.89,1.0704,0.085,0.7194,0.0464,0.64,-0.09,6.0188,TIE,2012-09-30
,161713954,161713954,1,7135700000,2740700000,2998800000,1560000000,4136900000,0,0,3055800000,1096700000,1497500000,188400000,188400000,1.17,1.16,0.31,289000000,-73000000,33000000,259600000,965800000,37300000,71.19,76.55,65.84,0.1832,0.1033,25.58,2.96,17.2,9.24,0.2793,0.2651,0.5797,0.1215,0.85,1.56,1.7569,CBE,2012-09-30
,104733328,104733328,1,9337000000,5100000000,7591000000,3991000000,916000000,830000000,0,0,2548000000,12229000000,248000000,248000000,2.36,2.35,0.2,128000000,-100000000,-129000000,-101000000,1884000000,128000000,,,,,-0.0887,8.75,,,12.94,,2.7817,0.0981,,4.5,0,1.2779,SUN,2012-06-30
,125919381,125919381,1,10923900000,5585800000,6892300000,2108000000,3992300000,39300000,0,2926200000,2362300000,2152600000,188200000,188200000,1.48,1.46,0.29,-177500000,-71700000,-37700000,-282900000,704100000,71200000,124.88,126.44,123.31,0.2101,0.0763,31.71,4.25,19.73,18.32,0.1811,0.5917,0.3655,0.0965,0.79,-1.98,2.6498,GR,2012-03-31
,72168068,72168068,1,2074918000,1554040000,846766000,518099000,801222000,426930000,0,137446000,106048000,326722000,44446000,44446000,0.63,0.59,0,32762000,-275899000,60844000,-180927000,343974000,5240000,45.36,50.54,40.18,0.202,0.1013,11.1,2.91,14.54,0,0,0.1324,0.3861,0.157,0.65,0.38,2.9995,NVLS,2012-03-31
,774039108,774039108,1,24378000000,1615000000,17096000000,1936000000,4496000000,2786000000,0,0,12620000000,1260000000,86000000,86000000,0.11,0.11,0.01,516000000,-457000000,52000000,111000000,305000000,509000000,28.05,30.3,25.8,0.0369,0.0066,5.81,4.98,155.83,4.77,0.1872,2.8069,0.1844,0.0322,0.21,0.01,0.8342,EP,2012-03-31
,295219128,295219128,1,35059000000,3483000000,25034000000,4085000000,10021000000,4000000,0,3655000000,11991000000,1737000000,-76000000,-76000000,-0.26,-0.26,0.26,311000000,-637000000,453000000,127000000,230000000,623000000,52.85,56.33,49.37,0.0572,0.0171,33.94,1.54,20.1,38.98,1.0866,1.1966,0.2858,0.0646,0.26,-1.06,0.8526,PGN,2011-12-31
,201878759,201878759,1,19412600000,4818500000,12011800000,3287800000,7093900000,306900000,190000000,584700000,6166000000,3307100000,-53400000,-583600000,-2.91,-2.91,0.24,-98800000,-184400000,76700000,-206500000,964500000,255400000,38,40.97,35.03,-0.0444,0.0069,34.2,0.98,18.91,16.36,,0.8931,0.3556,,0.7,-1.75,1.4656,CEG,2011-12-31
,388124321,388124321,1,16962800000,6680500000,12953400000,8749300000,4009400000,0,0,9101800000,3001600000,18988200000,424400000,424400000,1.1,1.08,0,196300000,-153300000,24600000,67600000,229100000,134300000,51.44,58.27,44.6,0.3988,0.0895,10.33,5.61,15,0,0,0.7486,0.2364,0.0208,4.31,0.16,0.7635,MHS,2011-12-31
,109635169,109635169,1,5967000000,1195000000,4910000000,543000000,965000000,92000000,0,394000000,657000000,974000000,6000000,6000000,0.05,0.05,0.13,120000000,-49000000,-63000000,4000000,47000000,33000000,25.3,31.58,19.03,0.0725,0.0116,8.8,2.85,14.88,22.34,0.7878,0.6808,0.1617,0.0175,0.66,0.79,2.2007,TIN,2011-10-01
,253273331,253273331,1,2395300000,1598600000,1544800000,195500000,850500000,0,0,68300000,1042800000,374100000,67100000,67100000,0.27,0.28,0.1,146500000,-17800000,104500000,233200000,1093500000,18600000,19.18,24.6,13.76,0.4649,0.136,3.36,7.16,15.22,1.46,0.3109,1.2261,0.3551,0.1965,0.69,0.5,8.177,NSM,2011-05-29
,530601411,530601411,1,49640946000,,43406472000,,6223392000,11082000,1715000,719941000,0,533190000,-116594000,-142009000,-0.27,-0.27,0.01,257821000,686276000,-966713000,-22616000,578350000,3905000,7.45,8.04,6.86,-0.0956,-0.01,11.73,0.62,,17.62,,0,0.1253,,0.05,0.48,,MI,2011-03-31
,103227020,103227020,1,2049919000,976740000,528800000,253562000,1521119000,0,0,532719000,150168000,408221000,36503000,36503000,0.36,0.35,0.085,60481000,-2473000,863000,60631000,462255000,3073000,,,,0.124,0.0896,14.74,,,34.07,0.2015,0.0987,0.742,0.1039,0.86,0.56,3.8521,ACV,2011-03-31
,82181869,82181869,1,607664000,364389000,44109000,29630000,563555000,0,0,204310000,0,34788000,-5296000,-5296000,-0.06,-0.06,0,1063000,19861000,-101000,20823000,55794000,351000,7.17,8.42,5.92,-0.0305,-0.0283,6.86,1.04,,0,,0,0.9274,,0.21,0.01,12.298,CRA,2011-03-26
,353053202,353053202,1,2101003000,1293443000,782261000,594577000,1318742000,0,0,380806000,0,190714000,-17942000,-17942000,-0.05,-0.05,0,9167000,283076000,1547000,295832000,981426000,889000,,,,0.294,0.1702,3.74,,,0,0,0,0.6277,0.4247,0.4,0.02,2.1754,NOVL,2011-01-31
,157600000,157600000,1,4232352000,2074567000,2008255000,1562121000,2224097000,0,0,1496761000,0,549564000,60572000,60572000,0.39,0.39,0,163738000,-318389000,39031000,-122052000,738419000,32424000,46.68,47.44,45.92,0.0891,0.0467,14.11,3.45,41.68,0,0,0,0.5255,0.0892,0.52,0.83,1.328,MFE,2010-12-31
,169973542,169973542,1,12075800000,1515600000,8634100000,790900000,3441700000,0,0,367300000,4686000000,864600000,88200000,88200000,0.51,0.51,0.15,168700000,-249000000,106900000,26600000,490200000,223900000,24.11,25.44,22.78,0.1228,0.0348,20.25,1.19,9.45,16.82,0.2474,1.3615,0.285,0.1055,0.33,-0.32,1.9163,AYE,2010-12-31
,261188111,261188111,1,10913854000,3700958000,3326881000,1305965000,7586973000,0,0,3161797000,1098956000,892996000,471911000,471911000,1.81,1.68,0,-76974000,396495000,119635000,440402000,1331112000,168122000,71.23,73.23,69.23,0.0591,0.0412,29.05,2.64,,0,0,0.1448,0.6952,0.1043,0.4,-0.94,2.8339,GENZ,2010-12-31
,97155925,97155925,1,1474500000,1107700000,1040100000,288700000,429600000,4800000,0,81900000,650800000,312600000,11300000,10500000,0.12,0.05,0,34400000,29600000,-200000,68900000,518100000,6600000,10.14,12.74,7.55,0.1591,0.0455,4.42,2.32,46.09,0,0,1.5149,0.2914,0.0536,0.83,0.29,3.8369,ADCT,2010-09-30
,249968580,249968580,1,3217580000,1228280000,771052000,301070000,2446528000,0,0,1169493000,346576000,374546000,39220000,39220000,0.16,0.16,0,90749000,27550000,571000,124458000,697520000,7977000,,,,0.035,0.026,9.79,,,0,0,0.1417,0.7604,0.0536,0.49,0.33,4.0797,KG,2010-09-30
,133166172,133166172,1,3959000000,1059000000,2708000000,594000000,1236000000,15000000,0,1604000000,1270000000,944000000,81000000,81000000,0.6,0.6,0,135000000,-39000000,-89000000,9000000,52000000,35000000,,,,0.23,0.0656,9.28,,,0,0,1.0275,0.3122,0.0713,0.92,0.75,1.7828,PTV,2010-09-30
,248583517,248583517,1,10580731000,4563676000,3689028000,1552056000,5446139000,1445564000,0,3756100000,1481927000,2296063000,65074000,65074000,0.26,0.26,0.12,169083000,-187102000,-31992000,-50115000,497660000,111980000,,,,0.0197,0.01,21.91,,,2.16,1.1027,0.2721,0.5147,0.0125,0.8,0.23,2.9404,SII,2010-06-30
,56234916,56234916,1,2829129000,883733000,1267312000,297943000,1561817000,0,0,1340757000,873724000,463033000,57215000,57215000,1.02,0.99,0,88257000,-12325000,-15413000,54343000,222676000,11577000,,,,0.1211,0.0643,27.77,,,9.65,0,0.5594,0.552,0.106,0.61,1.36,2.9661,MIL,2010-04-03
,584360301,584360301,1,36642000000,2820000000,18841000000,2344000000,17801000000,0,0,1475000000,9955000000,2001000000,330000000,330000000,0.56,0.56,0.125,1228000000,-802000000,-402000000,24000000,33000000,802000000,,,,0.1063,0.0512,30.46,,,2.15,0.1578,0.5592,0.4858,0.2092,0.24,0.73,1.2031,XTO,2010-03-31
,293716155,293716155,1,5158747000,1754578000,1640814000,712820000,3517933000,0,0,977941000,498955000,931547000,-13275000,-13275000,-0.05,-0.05,0.05,17198000,-33887000,-5267000,-21575000,261061000,39722000,,,,-0.0036,-0.0024,11.98,,,1.02,,0.1418,0.6819,,0.7,-0.08,2.4615,BJS,2009-12-31
,183222336,183222336,1,2222715000,897676000,2149050000,643410000,71825000,1840000,0,700250000,1244653000,452860000,71710000,71710000,0.4,0.4,0.03,195054000,-40104000,-82668000,78632000,380343000,40716000,18.09,21.68,14.51,,0.1242,0.39,,11.52,4.09,0.084,17.329,0.0323,0.1527,0.81,0.84,1.3952,RX,2009-12-31
,61654405,61654405,1,5495200000,3001900000,4196100000,1195900000,1299100000,0,0,1230000000,1715000000,1301300000,33900000,33900000,0.58,0.57,0.12,251400000,-35500000,41600000,261700000,1083200000,14900000,54.82,67.13,42.51,0.111,0.0252,21.07,2.65,21.93,12.35,0.3555,1.3201,0.2364,0.0277,0.91,3.84,2.5102,BDK,2009-12-31
,341243913,341243913,1,38675000000,3256000000,25877000000,3339000000,12798000000,0,0,0,9691000000,3681000000,536000000,536000000,1.57,1.55,0.4,775000000,-518000000,-149000000,108000000,1269000000,441000000,87.5,98.84,76.17,0.1425,0.0454,37.5,2.43,16.67,10.26,0.3164,0.7572,0.3309,0.1228,0.37,0.98,0.9751,BNI,2009-12-31
,221798326,221798326,1,13570000000,3412000000,9861000000,1965000000,2417000000,1292000000,0,5447000000,5449000000,3805000000,89000000,89000000,0.41,0.42,0.18,381000000,-176000000,-16000000,201000000,907000000,192000000,37.38,38.74,36.02,0.3334,0.0461,10.9,4.02,34.29,2.94,0.252,2.2544,0.1781,0.0463,1,0.85,1.7364,PBG,2009-12-26
,1639151392,1639151392,1,30547000000,13166000000,17647000000,5089000000,12900000000,0,2500000000,8860000000,8033000000,4499000000,515000000,477000000,0.29,0.29,0.065,1042000000,412000000,-165000000,1323000000,4312000000,145000000,,,,0.2676,0.089,6.34,,,5.88,0.1781,0.7724,0.3405,0.1357,0.62,0.55,2.5871,SGP,2009-09-30
,97687974,97687974,1,6847884000,2335156000,4145435000,1351179000,2702449000,0,0,3342783000,2030287000,1676996000,68794000,68794000,0.7,0.7,0,-21099000,-126955000,-24096000,-172150000,558761000,93927000,,,,0.1319,0.0498,27.66,,,0,0,0.7513,0.3946,0.0508,0.98,-1.18,1.7282,ACS,2009-09-30
,753940239,753940239,1,10066000000,5829000000,6682000000,4490000000,3384000000,0,0,1956000000,589000000,2243000000,-120000000,-120000000,-0.16,-0.16,0,38000000,379000000,-553000000,-119000000,1757000000,22000000,,,,-0.1997,-0.0612,4.49,,,0,,0.1741,0.3362,,0.97,0.02,1.2982,JAVA,2009-09-27
,1335057224,1335057224,1,45619096000,25592601000,24832391000,6852607000,20786705000,0,17000,4642050000,10551802000,5695160000,1272019000,1272019000,0.95,0.94,0.3,1481303000,-714633000,-458941000,366345000,9196917000,182071000,,,,0.2302,0.1034,15.57,,,14.22,0.3442,0.5076,0.4557,0.2053,0.5,0.97,3.7347,WYE,2009-06-30
,125319612,125319612,1,5525530000,,4412250000,,1059818000,53462000,0,9933000,3155160000,573973000,85115000,85115000,0.68,0.68,0.04,195492000,-737000,-115946000,78809000,1443365000,275000,,,,-0.8763,-0.1842,8.46,,,1.49,,2.9771,0.1918,,0.52,1.56,,CTX,2009-06-30
,142852733,142852733,1,8051000000,732000000,8578000000,895000000,-527000000,0,0,25000000,5288000000,1346000000,174000000,174000000,1.22,1.21,0.688,634000000,-86000000,-560000000,-12000000,95000000,108000000,,,,,0.0865,-3.69,,,6.32,0.5369,,,0.4146,0.21,3.68,0.8179,EQ,2009-03-31
,195267722,195267722,1,9909000000,3358000000,6720000000,1669000000,2976000000,213000000,0,3084000000,3210000000,2030000000,32000000,32000000,0.16,0.16,0.41,421000000,-323000000,-17000000,59000000,335000000,146000000,52.45,57.85,47.05,0.1489,0.0469,15.24,3.07,16.34,13.33,0.6472,1.0786,0.3003,0.0503,0.93,1.41,2.012,ROH,2008-12-31
,666161708,666161708,1,77093668000,,71348993000,,5596714000,147961000,195445000,3431481000,0,,-1603193000,-1603193000,-2.43,-2.43,0,463972000,-143669000,908524000,1228827000,3754523000,15599000,3.73,5.84,1.63,-0.3489,-0.0299,8.11,0.35,,1.66,,0,0.0701,,,0.67,,SOV,2008-12-31
,109445530,109445530,1,4769000000,1868000000,2672000000,708000000,2069000000,28000000,0,1646000000,1715000000,737000000,31000000,31000000,0.28,0.28,0,80000000,6000000,-10000000,74000000,587000000,26000000,,,,0.0705,0.0296,18.9,,,0,0,0.8289,0.4338,0.0515,0.58,0.49,2.6384,BRL,2008-09-30
,148394153,148394153,1,1402188000,768708000,1727757000,531954000,-356073000,30504000,0,83478000,900000000,484631000,125322000,125322000,0.85,0.84,0.63,159923000,-18760000,-159194000,-18031000,29501000,18463000,,,,,0.3689,-2.4,,,27.13,0.6974,,,0.2652,1.39,0.95,1.4451,UST,2008-09-30
,2036068167,2036068167,1,143691000000,,127853000000,,15838000000,0,0,3000000000,0,1399000000,-2073000000,-6489000000,-7.4,-7.4,0.01,408000000,8403000000,-7405000000,1406000000,4241000000,91000000,,,,-0.5789,-0.0288,7.78,,,15.68,,0,0.1102,,0.04,0.16,,NCC,2008-09-30
,170259810,170259810,1,2224772000,1163312000,717092000,492260000,1507680000,0,0,281995000,0,533051000,77248000,77248000,0.46,0.44,0.0425,73840000,-124831000,-102097000,-170291000,418714000,15258000,,,,0.175,0.117,8.86,,,2.5,0.0851,0,0.6777,0.1399,0.84,0.34,2.3632,ABI,2008-09-30
,2160916994,2160916994,1,764378000000,,711392000000,,50003000000,2983000000,0,20211000000,0,,-23698000000,-23889000000,-11.18,-11.18,0.05,6166000000,-1176000000,-17909000000,-12919000000,34420000000,602000000,,,,-0.4808,-0.0419,23.14,,,21.96,,0,0.0654,,,2.57,,WB,2008-09-30
,723043267,723043267,1,17859700000,2487700000,13240400000,3031100000,4619300000,0,0,0,7688600000,4916600000,666100000,666100000,0.92,0.9,0,1226900000,-244200000,-921200000,61500000,314300000,215400000,,,,0.5539,0.1184,6.39,,,0,0,1.6645,0.2586,0.1193,0.99,1.4,0.8207,BUD,2008-09-30
,434706923,434706923,1,13988200000,1100700000,9759300000,1859200000,4226400000,2500000,0,8016000000,6634100000,1606200000,112500000,112500000,0.26,0.26,0,281200000,-141900000,-106000000,33300000,102700000,138100000,,,,0.1014,0.0296,9.72,,,0,0,1.5697,0.3021,0.0642,0.44,0.33,0.592,AW,2008-09-30
,112645074,112645074,1,2721400000,873200000,2127600000,547000000,572600000,21200000,0,686600000,760800000,605800000,39500000,39500000,0.35,0.35,0.05,67300000,-41600000,-11100000,10100000,116700000,28900000,,,,0.3055,0.059,5.08,,,6.55,0.14,1.3287,0.2104,0.0696,0.85,0.34,1.5963,HPC,2008-09-30
,1599731906,1599731906,1,875780000000,,837425000000,,38355000000,0,8605000000,4989000000,0,16000000,-5152000000,-7471000000,-5.58,-5.58,0.35,28461000000,-785000000,-22481000000,5195000000,36406000000,139000000,,,,-0.939,-0.0221,18.6,,,9.52,,0,0.034,,,17.7,,MER,2008-09-26
,505253855,505253855,1,19417000000,8647000000,9592000000,5042000000,9825000000,0,0,6090000000,3069000000,5623000000,160000000,160000000,0.32,0.31,0.05,615000000,-278000000,-35000000,302000000,3102000000,263000000,,,,0.0675,0.0333,19.45,,,5.45,0.1595,0.3124,0.506,0.0283,1.17,0.7,1.715,EDS,2008-06-30
,272707381,272707381,1,5517426000,1739507000,2614000000,1279978000,2903426000,0,0,1980848000,1000000000,1571291000,193771000,193771000,0.71,0.7,0.335,306905000,-154436000,-92934000,46965000,383351000,59345000,,,,0.2449,0.128,10.65,,,9.54,0.4892,0.3444,0.5262,0.118,1.08,0.91,1.359,WWY,2008-06-30
,89944301,89944301,1,12348800000,,8938100000,,3384900000,25800000,0,0,0,1518000000,149500000,149500000,1.65,1.65,0.4,200200000,90900000,-121400000,169700000,544300000,0,,,,0.1827,0.0501,37.63,,,16.99,0.2311,0,0.2741,0.1019,0.49,2.23,,SAF,2008-06-30
,694401926,694401926,1,639432000000,,613156000000,,26276000000,0,6993000000,0,0,,-2774000000,-2873000000,-5.14,-5.14,0.17,-7261000000,-257000000,6467000000,-1051000000,6513000000,248000000,,,,-0.0321,-7e-4,27.77,,,3.18,,0,0.0302,,,-10.81,,LEH,2008-05-31
,583344439,583344439,1,199017793000,,185862737000,,13155056000,0,0,0,0,2180226000,-893053000,-893053000,-1.6,-1.6,0.15,253690000,2684386000,-2734135000,203941000,9014340000,70217000,,,,-0.1721,-0.0097,22.55,,,3.3,,0,0.0661,,0.04,0.31,,CFC,2008-03-31
,497883965,497883965,1,19053211000,2679319000,8930574000,2298917000,9661909000,460728000,0,12255328000,5239775000,1564207000,799653000,799653000,1.62,1.61,0.1875,279651000,931762000,-754449000,456964000,602112000,93693000,,,,0.1852,0.0866,19.41,,,3.75,0.2305,0.5423,0.5071,0.2415,0.36,0.37,1.1655,CCU,2008-03-31
,196707734,196707734,1,4774400000,2711200000,4131600000,1806300000,642800000,0,0,318500000,686200000,1711400000,65900000,65900000,0.34,0.33,0.16,-174000000,-36000000,-318300000,-520600000,381900000,36000000,,,,0.2355,0.0285,3.27,,,2.16,0.7284,1.0675,0.1346,0.0256,1.11,-1.07,1.501,TT,2008-03-31
,145698482,145698482,1,398995000000,,387099000000,,11896000000,0,352000000,0,0,1479000000,115000000,110000000,0.89,0.86,0.32,6368000000,-51000000,-6937000000,-620000000,20786000000,51000000,,,,-0.0185,-5e-4,79.23,,,10.46,,0,0.0289,,,43.36,,BSC,2008-02-29
,156100349,156100349,1,2350533000,1250488000,967995000,898954000,1382538000,0,0,836904000,11333000,624438000,-62590000,-62590000,-0.4,-0.4,0,51047000,-14328000,-6077000,36058000,154992000,9328000,14.05,14.43,13.67,-0.1114,-0.0692,8.86,1.53,,0,,0.0082,0.5882,,0.93,0.27,1.391,ANDW,2007-09-30
,254738446,254738446,1,1861739000,916432000,543547000,447905000,1318192000,0,0,550672000,44454000,458230000,23295000,23295000,0.09,0.09,0.01,97360000,-11208000,-61710000,22709000,279863000,5622000,,,,0.0821,0.0564,5.17,,,0.19,0.049,0.0337,0.708,0.0578,0.97,0.36,2.046,SBL,2006-09-30
